{
  "Movie": [
    {
      "media_id": 1,
      "release_date": "2002-10-31",
      "budget": 70000000,
      "revenue": 33561137,
      "adult_flag": false,
      "runtime_minutes": 97,
      "collection_id": null
    },
    {
      "media_id": 2,
      "release_date": "1992-05-01",
      "budget": 7,
      "revenue": 5,
      "adult_flag": false,
      "runtime_minutes": 90,
      "collection_id": null
    },
    {
      "media_id": 3,
      "release_date": "2000-04-21",
      "budget": 14000000,
      "revenue": 5108820,
      "adult_flag": false,
      "runtime_minutes": 90,
      "collection_id": null
    },
    {
      "media_id": 4,
      "release_date": "2008-08-15",
      "budget": 15000000,
      "revenue": 96408652,
      "adult_flag": false,
      "runtime_minutes": 96,
      "collection_id": null
    },
    {
      "media_id": 5,
      "release_date": "2009-07-07",
      "budget": 250000000,
      "revenue": 933959197,
      "adult_flag": false,
      "runtime_minutes": 153,
      "collection_id": null
    },
    {
      "media_id": 6,
      "release_date": "2004-08-12",
      "budget": 70000000,
      "revenue": 171183863,
      "adult_flag": false,
      "runtime_minutes": 101,
      "collection_id": null
    },
    {
      "media_id": 7,
      "release_date": "2000-10-13",
      "budget": 9000000,
      "revenue": 0,
      "adult_flag": false,
      "runtime_minutes": 126,
      "collection_id": null
    },
    {
      "media_id": 8,
      "release_date": "2000-10-06",
      "budget": 55000000,
      "revenue": 330444045,
      "adult_flag": false,
      "runtime_minutes": 108,
      "collection_id": null
    },
    {
      "media_id": 9,
      "release_date": "2009-06-05",
      "budget": 17000000,
      "revenue": 14899417,
      "adult_flag": false,
      "runtime_minutes": 98,
      "collection_id": null
    },
    {
      "media_id": 10,
      "release_date": "2008-12-10",
      "budget": 2500000,
      "revenue": 107559,
      "adult_flag": false,
      "runtime_minutes": 90,
      "collection_id": null
    },
    {
      "media_id": 11,
      "release_date": "2006-04-21",
      "budget": 0,
      "revenue": 0,
      "adult_flag": false,
      "runtime_minutes": 88,
      "collection_id": null
    },
    {
      "media_id": 12,
      "release_date": "2014-09-10",
      "budget": 7000000,
      "revenue": 14618727,
      "adult_flag": false,
      "runtime_minutes": 116,
      "collection_id": null
    },
    {
      "media_id": 13,
      "release_date": "1974-12-01",
      "budget": 4000000,
      "revenue": 0,
      "adult_flag": false,
      "runtime_minutes": 105,
      "collection_id": null
    },
    {
      "media_id": 14,
      "release_date": "1976-02-07",
      "budget": 1300000,
      "revenue": 28262574,
      "adult_flag": false,
      "runtime_minutes": 114,
      "collection_id": null
    },
    {
      "media_id": 15,
      "release_date": "2010-06-15",
      "budget": 117000000,
      "revenue": 261930431,
      "adult_flag": false,
      "runtime_minutes": 109,
      "collection_id": null
    },
    {
      "media_id": 16,
      "release_date": "1999-11-24",
      "budget": 100000000,
      "revenue": 211989043,
      "adult_flag": false,
      "runtime_minutes": 121,
      "collection_id": null
    },
    {
      "media_id": 17,
      "release_date": "2003-09-02",
      "budget": 7500000,
      "revenue": 0,
      "adult_flag": false,
      "runtime_minutes": 92,
      "collection_id": null
    },
    {
      "media_id": 18,
      "release_date": "2001-01-12",
      "budget": 0,
      "revenue": 0,
      "adult_flag": false,
      "runtime_minutes": 88,
      "collection_id": null
    },
    {
      "media_id": 19,
      "release_date": "2009-06-06",
      "budget": 16000000,
      "revenue": 11301649,
      "adult_flag": false,
      "runtime_minutes": 120,
      "collection_id": null
    },
    {
      "media_id": 20,
      "release_date": "2004-09-10",
      "budget": 22000000,
      "revenue": 0,
      "adult_flag": false,
      "runtime_minutes": 106,
      "collection_id": null
    },
    {
      "media_id": 21,
      "release_date": "1991-10-17",
      "budget": 2500000,
      "revenue": 0,
      "adult_flag": false,
      "runtime_minutes": 104,
      "collection_id": null
    },
    {
      "media_id": 22,
      "release_date": "2001-10-12",
      "budget": 75000000,
      "revenue": 67631903,
      "adult_flag": false,
      "runtime_minutes": 123,
      "collection_id": null
    },
    {
      "media_id": 23,
      "release_date": "1999-10-22",
      "budget": 0,
      "revenue": 0,
      "adult_flag": false,
      "runtime_minutes": 111,
      "collection_id": null
    },
    {
      "media_id": 24,
      "release_date": "2009-07-17",
      "budget": 7500000,
      "revenue": 60722734,
      "adult_flag": false,
      "runtime_minutes": 95,
      "collection_id": null
    },
    {
      "media_id": 25,
      "release_date": "2011-12-24",
      "budget": 40000000,
      "revenue": 55247881,
      "adult_flag": false,
      "runtime_minutes": 129,
      "collection_id": null
    },
    {
      "media_id": 26,
      "release_date": "2011-05-15",
      "budget": 15000000,
      "revenue": 133432856,
      "adult_flag": false,
      "runtime_minutes": 100,
      "collection_id": null
    },
    {
      "media_id": 27,
      "release_date": "2009-10-27",
      "budget": 108,
      "revenue": 0,
      "adult_flag": false,
      "runtime_minutes": 90,
      "collection_id": null
    },
    {
      "media_id": 28,
      "release_date": "1997-01-10",
      "budget": 60000000,
      "revenue": 33956608,
      "adult_flag": false,
      "runtime_minutes": 110,
      "collection_id": null
    },
    {
      "media_id": 29,
      "release_date": "2008-08-07",
      "budget": 15000000,
      "revenue": 3533227,
      "adult_flag": false,
      "runtime_minutes": 98,
      "collection_id": null
    },
    {
      "media_id": 30,
      "release_date": "2011-12-10",
      "budget": 57000000,
      "revenue": 149217355,
      "adult_flag": false,
      "runtime_minutes": 95,
      "collection_id": null
    },
    {
      "media_id": 31,
      "release_date": "2004-08-20",
      "budget": 0,
      "revenue": 0,
      "adult_flag": false,
      "runtime_minutes": 86,
      "collection_id": null
    },
    {
      "media_id": 32,
      "release_date": "2002-12-14",
      "budget": 15000000,
      "revenue": 9237470,
      "adult_flag": false,
      "runtime_minutes": 118,
      "collection_id": null
    },
    {
      "media_id": 33,
      "release_date": "2003-10-10",
      "budget": 30000000,
      "revenue": 180949000,
      "adult_flag": false,
      "runtime_minutes": 111,
      "collection_id": null
    },
    {
      "media_id": 34,
      "release_date": "2010-09-05",
      "budget": 0,
      "revenue": 876302,
      "adult_flag": false,
      "runtime_minutes": 104,
      "collection_id": null
    },
    {
      "media_id": 35,
      "release_date": "2012-09-07",
      "budget": 32000000,
      "revenue": 28258060,
      "adult_flag": false,
      "runtime_minutes": 137,
      "collection_id": null
    },
    {
      "media_id": 36,
      "release_date": "1968-12-21",
      "budget": 5000000,
      "revenue": 5321508,
      "adult_flag": false,
      "runtime_minutes": 175,
      "collection_id": null
    },
    {
      "media_id": 37,
      "release_date": "2007-12-04",
      "budget": 180000000,
      "revenue": 372234864,
      "adult_flag": false,
      "runtime_minutes": 113,
      "collection_id": null
    },
    {
      "media_id": 38,
      "release_date": "2014-01-24",
      "budget": 70000000,
      "revenue": 154984035,
      "adult_flag": false,
      "runtime_minutes": 118,
      "collection_id": null
    },
    {
      "media_id": 39,
      "release_date": "1954-08-25",
      "budget": 5000000,
      "revenue": 15000000,
      "adult_flag": false,
      "runtime_minutes": 139,
      "collection_id": null
    },
    {
      "media_id": 40,
      "release_date": "2008-12-24",
      "budget": 0,
      "revenue": 140987,
      "adult_flag": false,
      "runtime_minutes": 94,
      "collection_id": null
    },
    {
      "media_id": 41,
      "release_date": "2006-05-24",
      "budget": 210000000,
      "revenue": 459359555,
      "adult_flag": false,
      "runtime_minutes": 104,
      "collection_id": null
    },
    {
      "media_id": 42,
      "release_date": "1976-11-21",
      "budget": 1000000,
      "revenue": 117235147,
      "adult_flag": false,
      "runtime_minutes": 119,
      "collection_id": null
    },
    {
      "media_id": 43,
      "release_date": "2000-02-18",
      "budget": 23000000,
      "revenue": 53187659,
      "adult_flag": false,
      "runtime_minutes": 108,
      "collection_id": null
    },
    {
      "media_id": 44,
      "release_date": "2010-04-28",
      "budget": 200000000,
      "revenue": 623933331,
      "adult_flag": false,
      "runtime_minutes": 124,
      "collection_id": null
    },
    {
      "media_id": 45,
      "release_date": "1993-10-08",
      "budget": 800000,
      "revenue": 1001437,
      "adult_flag": false,
      "runtime_minutes": 114,
      "collection_id": null
    },
    {
      "media_id": 46,
      "release_date": "2011-07-29",
      "budget": 110000000,
      "revenue": 563749323,
      "adult_flag": false,
      "runtime_minutes": 103,
      "collection_id": null
    },
    {
      "media_id": 47,
      "release_date": "1968-09-26",
      "budget": 10000000,
      "revenue": 37402877,
      "adult_flag": false,
      "runtime_minutes": 153,
      "collection_id": null
    },
    {
      "media_id": 48,
      "release_date": "1998-05-20",
      "budget": 1300000,
      "revenue": 0,
      "adult_flag": false,
      "runtime_minutes": 105,
      "collection_id": null
    },
    {
      "media_id": 49,
      "release_date": "2015-10-21",
      "budget": 90000000,
      "revenue": 146936910,
      "adult_flag": false,
      "runtime_minutes": 106,
      "collection_id": null
    },
    {
      "media_id": 50,
      "release_date": "2008-04-10",
      "budget": 0,
      "revenue": 14796236,
      "adult_flag": false,
      "runtime_minutes": 88,
      "collection_id": null
    },
    {
      "media_id": 51,
      "release_date": "2006-11-07",
      "budget": 0,
      "revenue": 0,
      "adult_flag": false,
      "runtime_minutes": 85,
      "collection_id": null
    },
    {
      "media_id": 52,
      "release_date": "2001-02-09",
      "budget": 22000000,
      "revenue": 19351569,
      "adult_flag": false,
      "runtime_minutes": 90,
      "collection_id": null
    },
    {
      "media_id": 53,
      "release_date": "1956-11-15",
      "budget": 1000000,
      "revenue": 9000000,
      "adult_flag": false,
      "runtime_minutes": 89,
      "collection_id": null
    },
    {
      "media_id": 54,
      "release_date": "2000-11-10",
      "budget": 85000000,
      "revenue": 0,
      "adult_flag": false,
      "runtime_minutes": 90,
      "collection_id": null
    },
    {
      "media_id": 55,
      "release_date": "2004-12-17",
      "budget": 1,
      "revenue": 0,
      "adult_flag": false,
      "runtime_minutes": 94,
      "collection_id": null
    },
    {
      "media_id": 56,
      "release_date": "2000-08-11",
      "budget": 65000000,
      "revenue": 0,
      "adult_flag": false,
      "runtime_minutes": 103,
      "collection_id": null
    },
    {
      "media_id": 57,
      "release_date": "2001-10-05",
      "budget": 45000000,
      "revenue": 104876233,
      "adult_flag": false,
      "runtime_minutes": 122,
      "collection_id": null
    },
    {
      "media_id": 58,
      "release_date": "1993-07-16",
      "budget": 28000000,
      "revenue": 39514713,
      "adult_flag": false,
      "runtime_minutes": 96,
      "collection_id": null
    },
    {
      "media_id": 59,
      "release_date": "2012-06-01",
      "budget": 1000000,
      "revenue": 0,
      "adult_flag": false,
      "runtime_minutes": 114,
      "collection_id": null
    },
    {
      "media_id": 60,
      "release_date": "1991-03-01",
      "budget": 38000000,
      "revenue": 34416893,
      "adult_flag": false,
      "runtime_minutes": 140,
      "collection_id": null
    },
    {
      "media_id": 61,
      "release_date": "2006-10-31",
      "budget": 0,
      "revenue": 0,
      "adult_flag": false,
      "runtime_minutes": 95,
      "collection_id": null
    },
    {
      "media_id": 62,
      "release_date": "2007-10-12",
      "budget": 15000000,
      "revenue": 55184721,
      "adult_flag": false,
      "runtime_minutes": 113,
      "collection_id": null
    },
    {
      "media_id": 63,
      "release_date": "1962-12-25",
      "budget": 2000000,
      "revenue": 13129846,
      "adult_flag": false,
      "runtime_minutes": 129,
      "collection_id": null
    },
    {
      "media_id": 64,
      "release_date": "2012-08-06",
      "budget": 3000000,
      "revenue": 11947954,
      "adult_flag": false,
      "runtime_minutes": 87,
      "collection_id": null
    },
    {
      "media_id": 65,
      "release_date": "2014-02-07",
      "budget": 145000000,
      "revenue": 272912430,
      "adult_flag": false,
      "runtime_minutes": 92,
      "collection_id": null
    },
    {
      "media_id": 66,
      "release_date": "1986-12-19",
      "budget": 25000000,
      "revenue": 38748395,
      "adult_flag": false,
      "runtime_minutes": 94,
      "collection_id": null
    },
    {
      "media_id": 67,
      "release_date": "2001-03-01",
      "budget": 57000000,
      "revenue": 147845033,
      "adult_flag": false,
      "runtime_minutes": 123,
      "collection_id": null
    },
    {
      "media_id": 68,
      "release_date": "1967-08-30",
      "budget": 2500000,
      "revenue": 3200000,
      "adult_flag": false,
      "runtime_minutes": 92,
      "collection_id": null
    },
    {
      "media_id": 69,
      "release_date": "2006-01-01",
      "budget": 0,
      "revenue": 0,
      "adult_flag": false,
      "runtime_minutes": 99,
      "collection_id": null
    },
    {
      "media_id": 70,
      "release_date": "2007-03-02",
      "budget": 16500000,
      "revenue": 37311672,
      "adult_flag": false,
      "runtime_minutes": 120,
      "collection_id": null
    },
    {
      "media_id": 71,
      "release_date": "2001-04-06",
      "budget": 22000000,
      "revenue": 0,
      "adult_flag": false,
      "runtime_minutes": 98,
      "collection_id": null
    },
    {
      "media_id": 72,
      "release_date": "1995-02-03",
      "budget": 0,
      "revenue": 0,
      "adult_flag": false,
      "runtime_minutes": 82,
      "collection_id": null
    },
    {
      "media_id": 73,
      "release_date": "2005-08-02",
      "budget": 32000000,
      "revenue": 85167639,
      "adult_flag": false,
      "runtime_minutes": 87,
      "collection_id": null
    },
    {
      "media_id": 74,
      "release_date": "2010-12-23",
      "budget": 0,
      "revenue": 2611555,
      "adult_flag": false,
      "runtime_minutes": 119,
      "collection_id": null
    },
    {
      "media_id": 75,
      "release_date": "2009-09-13",
      "budget": 18500000,
      "revenue": 31912793,
      "adult_flag": false,
      "runtime_minutes": 100,
      "collection_id": null
    },
    {
      "media_id": 76,
      "release_date": "2000-05-26",
      "budget": 0,
      "revenue": 0,
      "adult_flag": false,
      "runtime_minutes": 0,
      "collection_id": null
    },
    {
      "media_id": 77,
      "release_date": "2008-02-12",
      "budget": 0,
      "revenue": 0,
      "adult_flag": false,
      "runtime_minutes": 117,
      "collection_id": null
    },
    {
      "media_id": 78,
      "release_date": "2008-01-18",
      "budget": 14100000,
      "revenue": 0,
      "adult_flag": false,
      "runtime_minutes": 107,
      "collection_id": null
    },
    {
      "media_id": 79,
      "release_date": "2006-10-06",
      "budget": 16000000,
      "revenue": 0,
      "adult_flag": false,
      "runtime_minutes": 91,
      "collection_id": null
    },
    {
      "media_id": 80,
      "release_date": "2014-09-12",
      "budget": 36000000,
      "revenue": 52424533,
      "adult_flag": false,
      "runtime_minutes": 107,
      "collection_id": null
    },
    {
      "media_id": 81,
      "release_date": "2006-09-09",
      "budget": 0,
      "revenue": 0,
      "adult_flag": false,
      "runtime_minutes": 91,
      "collection_id": null
    },
    {
      "media_id": 82,
      "release_date": "2007-09-11",
      "budget": 0,
      "revenue": 0,
      "adult_flag": false,
      "runtime_minutes": 89,
      "collection_id": null
    },
    {
      "media_id": 83,
      "release_date": "2010-06-04",
      "budget": 75000000,
      "revenue": 98159963,
      "adult_flag": false,
      "runtime_minutes": 100,
      "collection_id": null
    },
    {
      "media_id": 84,
      "release_date": "2000-11-02",
      "budget": 80000000,
      "revenue": 39459427,
      "adult_flag": false,
      "runtime_minutes": 126,
      "collection_id": null
    },
    {
      "media_id": 85,
      "release_date": "2010-09-10",
      "budget": 9500000,
      "revenue": 120000,
      "adult_flag": false,
      "runtime_minutes": 104,
      "collection_id": null
    },
    {
      "media_id": 86,
      "release_date": "2008-04-03",
      "budget": 0,
      "revenue": 0,
      "adult_flag": false,
      "runtime_minutes": 102,
      "collection_id": null
    },
    {
      "media_id": 87,
      "release_date": "1998-01-16",
      "budget": 0,
      "revenue": 0,
      "adult_flag": false,
      "runtime_minutes": 89,
      "collection_id": null
    },
    {
      "media_id": 88,
      "release_date": "2002-04-12",
      "budget": 43000000,
      "revenue": 68696770,
      "adult_flag": false,
      "runtime_minutes": 84,
      "collection_id": null
    },
    {
      "media_id": 89,
      "release_date": "2000-03-10",
      "budget": 90000000,
      "revenue": 60874615,
      "adult_flag": false,
      "runtime_minutes": 114,
      "collection_id": null
    },
    {
      "media_id": 90,
      "release_date": "2000-07-26",
      "budget": 0,
      "revenue": 0,
      "adult_flag": false,
      "runtime_minutes": 85,
      "collection_id": null
    },
    {
      "media_id": 91,
      "release_date": "2009-03-19",
      "budget": 78146652,
      "revenue": 60000000,
      "adult_flag": false,
      "runtime_minutes": 125,
      "collection_id": null
    },
    {
      "media_id": 92,
      "release_date": "1981-06-26",
      "budget": 18000000,
      "revenue": 14110013,
      "adult_flag": false,
      "runtime_minutes": 108,
      "collection_id": null
    },
    {
      "media_id": 93,
      "release_date": "2010-07-06",
      "budget": 8000000,
      "revenue": 6491240,
      "adult_flag": false,
      "runtime_minutes": 101,
      "collection_id": null
    },
    {
      "media_id": 94,
      "release_date": "2008-07-16",
      "budget": 185000000,
      "revenue": 1004558444,
      "adult_flag": false,
      "runtime_minutes": 152,
      "collection_id": null
    },
    {
      "media_id": 95,
      "release_date": "2000-02-22",
      "budget": 35000000,
      "revenue": 0,
      "adult_flag": false,
      "runtime_minutes": 111,
      "collection_id": null
    },
    {
      "media_id": 96,
      "release_date": "2003-07-09",
      "budget": 140000000,
      "revenue": 655011224,
      "adult_flag": false,
      "runtime_minutes": 143,
      "collection_id": null
    },
    {
      "media_id": 97,
      "release_date": "2004-04-07",
      "budget": 74500000,
      "revenue": 62172050,
      "adult_flag": false,
      "runtime_minutes": 109,
      "collection_id": null
    },
    {
      "media_id": 98,
      "release_date": "2002-12-16",
      "budget": 15000000,
      "revenue": 13060843,
      "adult_flag": false,
      "runtime_minutes": 135,
      "collection_id": null
    },
    {
      "media_id": 99,
      "release_date": "2006-12-26",
      "budget": 0,
      "revenue": 0,
      "adult_flag": false,
      "runtime_minutes": 103,
      "collection_id": null
    },
    {
      "media_id": 100,
      "release_date": "1984-08-10",
      "budget": 4200000,
      "revenue": 38376497,
      "adult_flag": false,
      "runtime_minutes": 114,
      "collection_id": null
    },
    {
      "media_id": 101,
      "release_date": "2006-06-23",
      "budget": 0,
      "revenue": 0,
      "adult_flag": false,
      "runtime_minutes": 154,
      "collection_id": null
    },
    {
      "media_id": 102,
      "release_date": "2007-07-04",
      "budget": 35000000,
      "revenue": 69307224,
      "adult_flag": false,
      "runtime_minutes": 91,
      "collection_id": null
    },
    {
      "media_id": 103,
      "release_date": "2014-07-03",
      "budget": 0,
      "revenue": 0,
      "adult_flag": false,
      "runtime_minutes": 98,
      "collection_id": null
    },
    {
      "media_id": 104,
      "release_date": "2001-01-18",
      "budget": 6000000,
      "revenue": 1270522,
      "adult_flag": false,
      "runtime_minutes": 113,
      "collection_id": null
    },
    {
      "media_id": 105,
      "release_date": "2002-06-21",
      "budget": 0,
      "revenue": 0,
      "adult_flag": false,
      "runtime_minutes": 141,
      "collection_id": null
    },
    {
      "media_id": 106,
      "release_date": "2005-08-12",
      "budget": 80000000,
      "revenue": 10166502,
      "adult_flag": false,
      "runtime_minutes": 132,
      "collection_id": null
    },
    {
      "media_id": 107,
      "release_date": "2014-10-03",
      "budget": 0,
      "revenue": 0,
      "adult_flag": false,
      "runtime_minutes": 96,
      "collection_id": null
    },
    {
      "media_id": 108,
      "release_date": "2003-01-01",
      "budget": 0,
      "revenue": 0,
      "adult_flag": false,
      "runtime_minutes": 70,
      "collection_id": null
    },
    {
      "media_id": 109,
      "release_date": "1988-07-15",
      "budget": 28000000,
      "revenue": 140767956,
      "adult_flag": false,
      "runtime_minutes": 131,
      "collection_id": null
    },
    {
      "media_id": 110,
      "release_date": "2000-07-19",
      "budget": 15000000,
      "revenue": 5217498,
      "adult_flag": false,
      "runtime_minutes": 105,
      "collection_id": null
    },
    {
      "media_id": 111,
      "release_date": "2012-03-29",
      "budget": 3000000,
      "revenue": 77712439,
      "adult_flag": false,
      "runtime_minutes": 110,
      "collection_id": null
    },
    {
      "media_id": 112,
      "release_date": "2009-10-01",
      "budget": 6000000,
      "revenue": 0,
      "adult_flag": false,
      "runtime_minutes": 101,
      "collection_id": null
    },
    {
      "media_id": 113,
      "release_date": "2006-01-26",
      "budget": 2200000,
      "revenue": 11502151,
      "adult_flag": false,
      "runtime_minutes": 157,
      "collection_id": null
    },
    {
      "media_id": 114,
      "release_date": "2000-03-20",
      "budget": 25000000,
      "revenue": 91036760,
      "adult_flag": false,
      "runtime_minutes": 115,
      "collection_id": null
    },
    {
      "media_id": 115,
      "release_date": null,
      "budget": 0,
      "revenue": 0,
      "adult_flag": false,
      "runtime_minutes": 0,
      "collection_id": null
    },
    {
      "media_id": 116,
      "release_date": "2004-09-03",
      "budget": 0,
      "revenue": 0,
      "adult_flag": false,
      "runtime_minutes": 138,
      "collection_id": null
    },
    {
      "media_id": 117,
      "release_date": "2007-01-31",
      "budget": 0,
      "revenue": 0,
      "adult_flag": false,
      "runtime_minutes": 115,
      "collection_id": null
    },
    {
      "media_id": 118,
      "release_date": "2013-07-26",
      "budget": 0,
      "revenue": 4037782,
      "adult_flag": false,
      "runtime_minutes": 120,
      "collection_id": null
    },
    {
      "media_id": 119,
      "release_date": "1993-04-17",
      "budget": 0,
      "revenue": 0,
      "adult_flag": false,
      "runtime_minutes": 134,
      "collection_id": null
    },
    {
      "media_id": 120,
      "release_date": "2011-12-22",
      "budget": 30000000,
      "revenue": 64626786,
      "adult_flag": false,
      "runtime_minutes": 89,
      "collection_id": null
    },
    {
      "media_id": 121,
      "release_date": "2013-01-23",
      "budget": 35000000,
      "revenue": 46216641,
      "adult_flag": false,
      "runtime_minutes": 118,
      "collection_id": null
    },
    {
      "media_id": 122,
      "release_date": "1996-12-06",
      "budget": 80000000,
      "revenue": 159212469,
      "adult_flag": false,
      "runtime_minutes": 115,
      "collection_id": null
    },
    {
      "media_id": 123,
      "release_date": "1994-09-02",
      "budget": 10500000,
      "revenue": 123509,
      "adult_flag": false,
      "runtime_minutes": 99,
      "collection_id": null
    },
    {
      "media_id": 124,
      "release_date": "2014-12-24",
      "budget": 10000000,
      "revenue": 28883511,
      "adult_flag": false,
      "runtime_minutes": 105,
      "collection_id": null
    },
    {
      "media_id": 125,
      "release_date": "1952-03-14",
      "budget": 0,
      "revenue": 0,
      "adult_flag": false,
      "runtime_minutes": 87,
      "collection_id": null
    },
    {
      "media_id": 126,
      "release_date": "1998-12-25",
      "budget": 0,
      "revenue": 0,
      "adult_flag": false,
      "runtime_minutes": 124,
      "collection_id": null
    },
    {
      "media_id": 127,
      "release_date": "2009-09-01",
      "budget": 31192,
      "revenue": 10000,
      "adult_flag": false,
      "runtime_minutes": 89,
      "collection_id": null
    },
    {
      "media_id": 128,
      "release_date": "2012-12-25",
      "budget": 100000000,
      "revenue": 425368238,
      "adult_flag": false,
      "runtime_minutes": 165,
      "collection_id": null
    },
    {
      "media_id": 129,
      "release_date": "2012-11-09",
      "budget": 65000000,
      "revenue": 275293450,
      "adult_flag": false,
      "runtime_minutes": 149,
      "collection_id": null
    },
    {
      "media_id": 130,
      "release_date": "2014-09-11",
      "budget": 10000000,
      "revenue": 0,
      "adult_flag": false,
      "runtime_minutes": 94,
      "collection_id": null
    },
    {
      "media_id": 131,
      "release_date": "1978-11-22",
      "budget": 0,
      "revenue": 0,
      "adult_flag": false,
      "runtime_minutes": 90,
      "collection_id": null
    },
    {
      "media_id": 132,
      "release_date": "2010-02-05",
      "budget": 52000000,
      "revenue": 52826594,
      "adult_flag": false,
      "runtime_minutes": 92,
      "collection_id": null
    },
    {
      "media_id": 133,
      "release_date": "1947-12-27",
      "budget": 0,
      "revenue": 0,
      "adult_flag": false,
      "runtime_minutes": 128,
      "collection_id": null
    },
    {
      "media_id": 134,
      "release_date": "2000-11-02",
      "budget": 92000000,
      "revenue": 264105545,
      "adult_flag": false,
      "runtime_minutes": 98,
      "collection_id": null
    },
    {
      "media_id": 135,
      "release_date": "1995-10-27",
      "budget": 14000000,
      "revenue": 19800000,
      "adult_flag": false,
      "runtime_minutes": 100,
      "collection_id": null
    },
    {
      "media_id": 136,
      "release_date": "2015-04-10",
      "budget": 1950000,
      "revenue": 0,
      "adult_flag": false,
      "runtime_minutes": 90,
      "collection_id": null
    },
    {
      "media_id": 137,
      "release_date": "2004-07-09",
      "budget": 2600000,
      "revenue": 3166000,
      "adult_flag": false,
      "runtime_minutes": 105,
      "collection_id": null
    },
    {
      "media_id": 138,
      "release_date": "2003-07-11",
      "budget": 78000000,
      "revenue": 179265204,
      "adult_flag": false,
      "runtime_minutes": 110,
      "collection_id": null
    },
    {
      "media_id": 139,
      "release_date": "2014-04-30",
      "budget": 10,
      "revenue": 0,
      "adult_flag": false,
      "runtime_minutes": 102,
      "collection_id": null
    },
    {
      "media_id": 140,
      "release_date": "2015-10-16",
      "budget": 0,
      "revenue": 0,
      "adult_flag": false,
      "runtime_minutes": 89,
      "collection_id": null
    },
    {
      "media_id": 141,
      "release_date": "2002-02-08",
      "budget": 15000000,
      "revenue": 52970014,
      "adult_flag": false,
      "runtime_minutes": 88,
      "collection_id": null
    },
    {
      "media_id": 142,
      "release_date": "2006-06-16",
      "budget": 40000000,
      "revenue": 114830111,
      "adult_flag": false,
      "runtime_minutes": 99,
      "collection_id": null
    },
    {
      "media_id": 143,
      "release_date": "2003-09-02",
      "budget": 60000000,
      "revenue": 119940815,
      "adult_flag": false,
      "runtime_minutes": 100,
      "collection_id": null
    },
    {
      "media_id": 144,
      "release_date": "2003-11-05",
      "budget": 0,
      "revenue": 0,
      "adult_flag": false,
      "runtime_minutes": 0,
      "collection_id": null
    },
    {
      "media_id": 145,
      "release_date": "2006-05-18",
      "budget": 6500000,
      "revenue": 22889018,
      "adult_flag": false,
      "runtime_minutes": 124,
      "collection_id": null
    },
    {
      "media_id": 146,
      "release_date": "2012-03-27",
      "budget": 150000000,
      "revenue": 301000000,
      "adult_flag": false,
      "runtime_minutes": 99,
      "collection_id": null
    },
    {
      "media_id": 147,
      "release_date": "2007-07-27",
      "budget": 20000000,
      "revenue": 0,
      "adult_flag": false,
      "runtime_minutes": 95,
      "collection_id": null
    },
    {
      "media_id": 148,
      "release_date": "1974-02-07",
      "budget": 2600000,
      "revenue": 119500000,
      "adult_flag": false,
      "runtime_minutes": 93,
      "collection_id": null
    },
    {
      "media_id": 149,
      "release_date": "2000-12-11",
      "budget": 57000000,
      "revenue": 0,
      "adult_flag": false,
      "runtime_minutes": 117,
      "collection_id": null
    },
    {
      "media_id": 150,
      "release_date": "2011-12-14",
      "budget": 90000000,
      "revenue": 232617430,
      "adult_flag": false,
      "runtime_minutes": 158,
      "collection_id": null
    },
    {
      "media_id": 151,
      "release_date": "2011-12-26",
      "budget": 9000,
      "revenue": 0,
      "adult_flag": false,
      "runtime_minutes": 85,
      "collection_id": null
    },
    {
      "media_id": 152,
      "release_date": "2008-12-19",
      "budget": 60000000,
      "revenue": 50877145,
      "adult_flag": false,
      "runtime_minutes": 93,
      "collection_id": null
    },
    {
      "media_id": 153,
      "release_date": "2002-03-29",
      "budget": 48000000,
      "revenue": 196397415,
      "adult_flag": false,
      "runtime_minutes": 111,
      "collection_id": null
    },
    {
      "media_id": 154,
      "release_date": "2015-09-04",
      "budget": 53000000,
      "revenue": 98837872,
      "adult_flag": false,
      "runtime_minutes": 122,
      "collection_id": null
    },
    {
      "media_id": 155,
      "release_date": "1997-03-21",
      "budget": 20000000,
      "revenue": 60000000,
      "adult_flag": false,
      "runtime_minutes": 127,
      "collection_id": null
    },
    {
      "media_id": 156,
      "release_date": "1989-04-21",
      "budget": 11500000,
      "revenue": 57469467,
      "adult_flag": false,
      "runtime_minutes": 103,
      "collection_id": null
    },
    {
      "media_id": 157,
      "release_date": "2002-06-14",
      "budget": 84000000,
      "revenue": 275650703,
      "adult_flag": false,
      "runtime_minutes": 88,
      "collection_id": null
    },
    {
      "media_id": 158,
      "release_date": "2012-03-12",
      "budget": 75000000,
      "revenue": 691210692,
      "adult_flag": false,
      "runtime_minutes": 142,
      "collection_id": null
    },
    {
      "media_id": 159,
      "release_date": "2004-04-25",
      "budget": 0,
      "revenue": 0,
      "adult_flag": false,
      "runtime_minutes": 120,
      "collection_id": null
    },
    {
      "media_id": 160,
      "release_date": "2006-12-07",
      "budget": 100000000,
      "revenue": 170877916,
      "adult_flag": false,
      "runtime_minutes": 143,
      "collection_id": null
    },
    {
      "media_id": 161,
      "release_date": "2007-01-21",
      "budget": 0,
      "revenue": 0,
      "adult_flag": false,
      "runtime_minutes": 84,
      "collection_id": null
    },
    {
      "media_id": 162,
      "release_date": "2009-05-16",
      "budget": 9000000,
      "revenue": 0,
      "adult_flag": false,
      "runtime_minutes": 103,
      "collection_id": null
    },
    {
      "media_id": 163,
      "release_date": "1993-02-05",
      "budget": 35000000,
      "revenue": 0,
      "adult_flag": false,
      "runtime_minutes": 180,
      "collection_id": null
    },
    {
      "media_id": 164,
      "release_date": "2014-04-25",
      "budget": 0,
      "revenue": 258384,
      "adult_flag": false,
      "runtime_minutes": 90,
      "collection_id": null
    },
    {
      "media_id": 165,
      "release_date": "2004-12-29",
      "budget": 0,
      "revenue": 0,
      "adult_flag": false,
      "runtime_minutes": 109,
      "collection_id": null
    },
    {
      "media_id": 166,
      "release_date": "1992-09-02",
      "budget": 3705538,
      "revenue": 62548947,
      "adult_flag": false,
      "runtime_minutes": 112,
      "collection_id": null
    },
    {
      "media_id": 167,
      "release_date": "1980-11-14",
      "budget": 18000000,
      "revenue": 23000000,
      "adult_flag": false,
      "runtime_minutes": 129,
      "collection_id": null
    },
    {
      "media_id": 168,
      "release_date": "1999-09-17",
      "budget": 50000000,
      "revenue": 0,
      "adult_flag": false,
      "runtime_minutes": 137,
      "collection_id": null
    },
    {
      "media_id": 169,
      "release_date": "1999-08-06",
      "budget": 48000000,
      "revenue": 124305181,
      "adult_flag": false,
      "runtime_minutes": 113,
      "collection_id": null
    },
    {
      "media_id": 170,
      "release_date": "2005-06-07",
      "budget": 110000000,
      "revenue": 478207520,
      "adult_flag": false,
      "runtime_minutes": 120,
      "collection_id": null
    },
    {
      "media_id": 171,
      "release_date": "2006-11-22",
      "budget": 5000000,
      "revenue": 140666,
      "adult_flag": false,
      "runtime_minutes": 86,
      "collection_id": null
    },
    {
      "media_id": 172,
      "release_date": "2004-06-10",
      "budget": 50000000,
      "revenue": 200804534,
      "adult_flag": false,
      "runtime_minutes": 80,
      "collection_id": null
    },
    {
      "media_id": 173,
      "release_date": "1988-11-22",
      "budget": 0,
      "revenue": 60328000,
      "adult_flag": false,
      "runtime_minutes": 101,
      "collection_id": null
    },
    {
      "media_id": 174,
      "release_date": "1985-12-04",
      "budget": 18000000,
      "revenue": 0,
      "adult_flag": false,
      "runtime_minutes": 109,
      "collection_id": null
    },
    {
      "media_id": 175,
      "release_date": "2015-07-10",
      "budget": 100000,
      "revenue": 42664410,
      "adult_flag": false,
      "runtime_minutes": 87,
      "collection_id": null
    },
    {
      "media_id": 176,
      "release_date": "2014-11-22",
      "budget": 132000000,
      "revenue": 373552094,
      "adult_flag": false,
      "runtime_minutes": 92,
      "collection_id": null
    },
    {
      "media_id": 177,
      "release_date": "1997-07-25",
      "budget": 85000000,
      "revenue": 315156409,
      "adult_flag": false,
      "runtime_minutes": 124,
      "collection_id": null
    },
    {
      "media_id": 178,
      "release_date": "2014-12-03",
      "budget": 140000000,
      "revenue": 268031828,
      "adult_flag": false,
      "runtime_minutes": 150,
      "collection_id": null
    },
    {
      "media_id": 179,
      "release_date": "1995-09-14",
      "budget": 20000000,
      "revenue": 7563728,
      "adult_flag": false,
      "runtime_minutes": 107,
      "collection_id": null
    },
    {
      "media_id": 180,
      "release_date": "2004-02-09",
      "budget": 5000000,
      "revenue": 8203235,
      "adult_flag": false,
      "runtime_minutes": 101,
      "collection_id": null
    },
    {
      "media_id": 181,
      "release_date": "1997-11-14",
      "budget": 60000000,
      "revenue": 159330280,
      "adult_flag": false,
      "runtime_minutes": 124,
      "collection_id": null
    },
    {
      "media_id": 182,
      "release_date": "2012-06-13",
      "budget": 75000000,
      "revenue": 59418613,
      "adult_flag": false,
      "runtime_minutes": 123,
      "collection_id": null
    },
    {
      "media_id": 183,
      "release_date": "2013-12-12",
      "budget": 40000000,
      "revenue": 251171807,
      "adult_flag": false,
      "runtime_minutes": 138,
      "collection_id": null
    },
    {
      "media_id": 184,
      "release_date": "2006-05-12",
      "budget": 0,
      "revenue": 0,
      "adult_flag": false,
      "runtime_minutes": 90,
      "collection_id": null
    },
    {
      "media_id": 185,
      "release_date": "2011-05-06",
      "budget": 3000000,
      "revenue": 748453,
      "adult_flag": false,
      "runtime_minutes": 86,
      "collection_id": null
    },
    {
      "media_id": 186,
      "release_date": "2012-08-08",
      "budget": 100000000,
      "revenue": 312573423,
      "adult_flag": false,
      "runtime_minutes": 103,
      "collection_id": null
    },
    {
      "media_id": 187,
      "release_date": "2015-08-14",
      "budget": 0,
      "revenue": 0,
      "adult_flag": false,
      "runtime_minutes": 155,
      "collection_id": null
    },
    {
      "media_id": 188,
      "release_date": "1989-12-20",
      "budget": 14000000,
      "revenue": 161001698,
      "adult_flag": false,
      "runtime_minutes": 145,
      "collection_id": null
    },
    {
      "media_id": 189,
      "release_date": "2010-08-01",
      "budget": 7000000,
      "revenue": 453079,
      "adult_flag": false,
      "runtime_minutes": 108,
      "collection_id": null
    },
    {
      "media_id": 190,
      "release_date": "1985-09-07",
      "budget": 860000,
      "revenue": 2451545,
      "adult_flag": false,
      "runtime_minutes": 97,
      "collection_id": null
    },
    {
      "media_id": 191,
      "release_date": "1992-02-07",
      "budget": 40000000,
      "revenue": 0,
      "adult_flag": false,
      "runtime_minutes": 106,
      "collection_id": null
    },
    {
      "media_id": 192,
      "release_date": "1940-08-30",
      "budget": 2000000,
      "revenue": 9172000,
      "adult_flag": false,
      "runtime_minutes": 119,
      "collection_id": null
    },
    {
      "media_id": 193,
      "release_date": "2005-04-22",
      "budget": 0,
      "revenue": 0,
      "adult_flag": false,
      "runtime_minutes": 95,
      "collection_id": null
    },
    {
      "media_id": 194,
      "release_date": "2012-08-30",
      "budget": 14000000,
      "revenue": 85446075,
      "adult_flag": false,
      "runtime_minutes": 92,
      "collection_id": null
    },
    {
      "media_id": 195,
      "release_date": "2002-04-26",
      "budget": 40000000,
      "revenue": 16872671,
      "adult_flag": false,
      "runtime_minutes": 103,
      "collection_id": null
    },
    {
      "media_id": 196,
      "release_date": "2016-04-27",
      "budget": 250000000,
      "revenue": 1153304495,
      "adult_flag": false,
      "runtime_minutes": 147,
      "collection_id": null
    },
    {
      "media_id": 197,
      "release_date": "2000-01-24",
      "budget": 0,
      "revenue": 0,
      "adult_flag": false,
      "runtime_minutes": 103,
      "collection_id": null
    },
    {
      "media_id": 198,
      "release_date": "1996-01-19",
      "budget": 19000000,
      "revenue": 25836616,
      "adult_flag": false,
      "runtime_minutes": 108,
      "collection_id": null
    },
    {
      "media_id": 199,
      "release_date": "2013-07-18",
      "budget": 20000000,
      "revenue": 27187375,
      "adult_flag": false,
      "runtime_minutes": 85,
      "collection_id": null
    },
    {
      "media_id": 200,
      "release_date": "1991-12-20",
      "budget": 40000000,
      "revenue": 205405498,
      "adult_flag": false,
      "runtime_minutes": 189,
      "collection_id": null
    },
    {
      "media_id": 201,
      "release_date": "1995-02-09",
      "budget": 32000000,
      "revenue": 18552460,
      "adult_flag": false,
      "runtime_minutes": 107,
      "collection_id": null
    },
    {
      "media_id": 202,
      "release_date": "2015-10-01",
      "budget": 0,
      "revenue": 17671101,
      "adult_flag": false,
      "runtime_minutes": 106,
      "collection_id": null
    },
    {
      "media_id": 203,
      "release_date": "1994-11-23",
      "budget": 10000000,
      "revenue": 29392418,
      "adult_flag": false,
      "runtime_minutes": 100,
      "collection_id": null
    },
    {
      "media_id": 204,
      "release_date": "2011-08-18",
      "budget": 27000000,
      "revenue": 85564310,
      "adult_flag": false,
      "runtime_minutes": 89,
      "collection_id": null
    },
    {
      "media_id": 205,
      "release_date": "1992-10-09",
      "budget": 11000000,
      "revenue": 0,
      "adult_flag": false,
      "runtime_minutes": 81,
      "collection_id": null
    },
    {
      "media_id": 206,
      "release_date": "2002-06-28",
      "budget": 50000000,
      "revenue": 171269535,
      "adult_flag": false,
      "runtime_minutes": 96,
      "collection_id": null
    },
    {
      "media_id": 207,
      "release_date": "2008-04-28",
      "budget": 5000000,
      "revenue": 1296184,
      "adult_flag": false,
      "runtime_minutes": 106,
      "collection_id": null
    },
    {
      "media_id": 208,
      "release_date": "2012-09-21",
      "budget": 6900000,
      "revenue": 44287131,
      "adult_flag": false,
      "runtime_minutes": 101,
      "collection_id": null
    },
    {
      "media_id": 209,
      "release_date": "1999-01-30",
      "budget": 3000000,
      "revenue": 3076820,
      "adult_flag": false,
      "runtime_minutes": 87,
      "collection_id": null
    },
    {
      "media_id": 210,
      "release_date": "2010-03-26",
      "budget": 36000000,
      "revenue": 64572262,
      "adult_flag": false,
      "runtime_minutes": 101,
      "collection_id": null
    },
    {
      "media_id": 211,
      "release_date": "1947-12-24",
      "budget": 2300000,
      "revenue": 0,
      "adult_flag": false,
      "runtime_minutes": 87,
      "collection_id": null
    },
    {
      "media_id": 212,
      "release_date": "2009-05-05",
      "budget": 13000000,
      "revenue": 754249,
      "adult_flag": false,
      "runtime_minutes": 161,
      "collection_id": null
    },
    {
      "media_id": 213,
      "release_date": "1999-02-10",
      "budget": 0,
      "revenue": 0,
      "adult_flag": false,
      "runtime_minutes": 125,
      "collection_id": null
    },
    {
      "media_id": 214,
      "release_date": "2001-02-23",
      "budget": 62000000,
      "revenue": 18720175,
      "adult_flag": false,
      "runtime_minutes": 125,
      "collection_id": null
    },
    {
      "media_id": 215,
      "release_date": "2010-01-22",
      "budget": 7000000,
      "revenue": 382946,
      "adult_flag": false,
      "runtime_minutes": 106,
      "collection_id": null
    },
    {
      "media_id": 216,
      "release_date": "2000-10-11",
      "budget": 9000000,
      "revenue": 39723096,
      "adult_flag": false,
      "runtime_minutes": 113,
      "collection_id": null
    },
    {
      "media_id": 217,
      "release_date": "2001-04-28",
      "budget": 98000000,
      "revenue": 433013274,
      "adult_flag": false,
      "runtime_minutes": 130,
      "collection_id": null
    },
    {
      "media_id": 218,
      "release_date": "2004-02-20",
      "budget": 39000000,
      "revenue": 6614280,
      "adult_flag": false,
      "runtime_minutes": 106,
      "collection_id": null
    },
    {
      "media_id": 219,
      "release_date": "1997-09-11",
      "budget": 15000000,
      "revenue": 43101594,
      "adult_flag": false,
      "runtime_minutes": 155,
      "collection_id": null
    },
    {
      "media_id": 220,
      "release_date": "1981-08-20",
      "budget": 18000000,
      "revenue": 2945600,
      "adult_flag": false,
      "runtime_minutes": 98,
      "collection_id": null
    },
    {
      "media_id": 221,
      "release_date": "2016-05-12",
      "budget": 27000000,
      "revenue": 93282604,
      "adult_flag": false,
      "runtime_minutes": 98,
      "collection_id": null
    },
    {
      "media_id": 222,
      "release_date": "1996-10-11",
      "budget": 50000000,
      "revenue": 75000000,
      "adult_flag": false,
      "runtime_minutes": 109,
      "collection_id": null
    },
    {
      "media_id": 223,
      "release_date": "2005-01-14",
      "budget": 30000000,
      "revenue": 76669806,
      "adult_flag": false,
      "runtime_minutes": 136,
      "collection_id": null
    },
    {
      "media_id": 224,
      "release_date": "2012-01-21",
      "budget": 0,
      "revenue": 0,
      "adult_flag": false,
      "runtime_minutes": 83,
      "collection_id": null
    },
    {
      "media_id": 225,
      "release_date": "2006-04-22",
      "budget": 80000000,
      "revenue": 343397247,
      "adult_flag": false,
      "runtime_minutes": 83,
      "collection_id": null
    },
    {
      "media_id": 226,
      "release_date": "2013-03-27",
      "budget": 20000000,
      "revenue": 24261569,
      "adult_flag": false,
      "runtime_minutes": 101,
      "collection_id": null
    },
    {
      "media_id": 227,
      "release_date": "1994-06-24",
      "budget": 63000000,
      "revenue": 25052000,
      "adult_flag": false,
      "runtime_minutes": 191,
      "collection_id": null
    },
    {
      "media_id": 228,
      "release_date": "1996-12-18",
      "budget": 0,
      "revenue": 0,
      "adult_flag": false,
      "runtime_minutes": 98,
      "collection_id": null
    },
    {
      "media_id": 229,
      "release_date": "2013-02-01",
      "budget": 0,
      "revenue": 0,
      "adult_flag": false,
      "runtime_minutes": 0,
      "collection_id": null
    },
    {
      "media_id": 230,
      "release_date": "2007-08-27",
      "budget": 0,
      "revenue": 44000000,
      "adult_flag": false,
      "runtime_minutes": 105,
      "collection_id": null
    },
    {
      "media_id": 231,
      "release_date": "2009-09-04",
      "budget": 0,
      "revenue": 0,
      "adult_flag": false,
      "runtime_minutes": 112,
      "collection_id": null
    },
    {
      "media_id": 232,
      "release_date": "2002-12-26",
      "budget": 45000000,
      "revenue": 306776732,
      "adult_flag": false,
      "runtime_minutes": 113,
      "collection_id": null
    },
    {
      "media_id": 233,
      "release_date": "2014-12-16",
      "budget": 48000000,
      "revenue": 325771424,
      "adult_flag": false,
      "runtime_minutes": 109,
      "collection_id": null
    },
    {
      "media_id": 234,
      "release_date": "2008-11-24",
      "budget": 150000000,
      "revenue": 333932083,
      "adult_flag": false,
      "runtime_minutes": 166,
      "collection_id": null
    },
    {
      "media_id": 235,
      "release_date": "2009-09-19",
      "budget": 70000000,
      "revenue": 171844840,
      "adult_flag": false,
      "runtime_minutes": 113,
      "collection_id": null
    },
    {
      "media_id": 236,
      "release_date": "1993-08-06",
      "budget": 44000000,
      "revenue": 368875760,
      "adult_flag": false,
      "runtime_minutes": 130,
      "collection_id": null
    },
    {
      "media_id": 237,
      "release_date": "2011-11-22",
      "budget": 170000000,
      "revenue": 185770160,
      "adult_flag": false,
      "runtime_minutes": 126,
      "collection_id": null
    },
    {
      "media_id": 238,
      "release_date": "2002-10-18",
      "budget": 7000000,
      "revenue": 2062066,
      "adult_flag": false,
      "runtime_minutes": 104,
      "collection_id": null
    },
    {
      "media_id": 239,
      "release_date": "2007-11-15",
      "budget": 30000000,
      "revenue": 156835339,
      "adult_flag": false,
      "runtime_minutes": 126,
      "collection_id": null
    },
    {
      "media_id": 240,
      "release_date": "1961-12-18",
      "budget": 2900000,
      "revenue": 5000000,
      "adult_flag": false,
      "runtime_minutes": 136,
      "collection_id": null
    },
    {
      "media_id": 241,
      "release_date": "2006-12-21",
      "budget": 110,
      "revenue": 0,
      "adult_flag": false,
      "runtime_minutes": 114,
      "collection_id": null
    },
    {
      "media_id": 242,
      "release_date": "2000-06-16",
      "budget": 2000000,
      "revenue": 20908467,
      "adult_flag": false,
      "runtime_minutes": 154,
      "collection_id": null
    },
    {
      "media_id": 243,
      "release_date": "1993-08-13",
      "budget": 3000000,
      "revenue": 15938065,
      "adult_flag": false,
      "runtime_minutes": 87,
      "collection_id": null
    },
    {
      "media_id": 244,
      "release_date": "2009-01-23",
      "budget": 250000,
      "revenue": 0,
      "adult_flag": false,
      "runtime_minutes": 106,
      "collection_id": null
    },
    {
      "media_id": 245,
      "release_date": "2002-05-15",
      "budget": 120000000,
      "revenue": 649398328,
      "adult_flag": false,
      "runtime_minutes": 142,
      "collection_id": null
    },
    {
      "media_id": 246,
      "release_date": "2016-07-13",
      "budget": 25000000,
      "revenue": 15436808,
      "adult_flag": false,
      "runtime_minutes": 127,
      "collection_id": null
    },
    {
      "media_id": 247,
      "release_date": "1999-10-08",
      "budget": 64000000,
      "revenue": 74608570,
      "adult_flag": false,
      "runtime_minutes": 133,
      "collection_id": null
    },
    {
      "media_id": 248,
      "release_date": "2001-03-16",
      "budget": 0,
      "revenue": 0,
      "adult_flag": false,
      "runtime_minutes": 89,
      "collection_id": null
    },
    {
      "media_id": 249,
      "release_date": "2002-11-15",
      "budget": 13000000,
      "revenue": 0,
      "adult_flag": false,
      "runtime_minutes": 98,
      "collection_id": null
    },
    {
      "media_id": 250,
      "release_date": "2008-09-26",
      "budget": 500000,
      "revenue": 33456317,
      "adult_flag": false,
      "runtime_minutes": 122,
      "collection_id": null
    },
    {
      "media_id": 251,
      "release_date": "2006-06-20",
      "budget": 200000000,
      "revenue": 1065659812,
      "adult_flag": false,
      "runtime_minutes": 151,
      "collection_id": null
    },
    {
      "media_id": 252,
      "release_date": "2015-07-29",
      "budget": 64000000,
      "revenue": 97571250,
      "adult_flag": false,
      "runtime_minutes": 92,
      "collection_id": null
    },
    {
      "media_id": 253,
      "release_date": "1964-09-21",
      "budget": 5800000,
      "revenue": 6800000,
      "adult_flag": false,
      "runtime_minutes": 133,
      "collection_id": null
    },
    {
      "media_id": 254,
      "release_date": "2007-02-14",
      "budget": 12000000,
      "revenue": 80573774,
      "adult_flag": false,
      "runtime_minutes": 121,
      "collection_id": null
    },
    {
      "media_id": 255,
      "release_date": "2003-09-05",
      "budget": 0,
      "revenue": 13885802,
      "adult_flag": false,
      "runtime_minutes": 106,
      "collection_id": null
    },
    {
      "media_id": 256,
      "release_date": "2005-12-07",
      "budget": 1500000,
      "revenue": 0,
      "adult_flag": false,
      "runtime_minutes": 108,
      "collection_id": null
    },
    {
      "media_id": 257,
      "release_date": "1999-11-28",
      "budget": 312000,
      "revenue": 1281176,
      "adult_flag": false,
      "runtime_minutes": 102,
      "collection_id": null
    },
    {
      "media_id": 258,
      "release_date": "1961-12-01",
      "budget": 3000000,
      "revenue": 10000000,
      "adult_flag": false,
      "runtime_minutes": 186,
      "collection_id": null
    },
    {
      "media_id": 259,
      "release_date": "1988-05-24",
      "budget": 63000000,
      "revenue": 189015611,
      "adult_flag": false,
      "runtime_minutes": 102,
      "collection_id": null
    },
    {
      "media_id": 260,
      "release_date": "2001-04-18",
      "budget": 0,
      "revenue": 0,
      "adult_flag": false,
      "runtime_minutes": 87,
      "collection_id": null
    },
    {
      "media_id": 261,
      "release_date": "2002-08-02",
      "budget": 0,
      "revenue": 0,
      "adult_flag": false,
      "runtime_minutes": 80,
      "collection_id": null
    },
    {
      "media_id": 262,
      "release_date": "2007-08-31",
      "budget": 20000000,
      "revenue": 16974459,
      "adult_flag": false,
      "runtime_minutes": 105,
      "collection_id": null
    },
    {
      "media_id": 263,
      "release_date": "1998-10-16",
      "budget": 0,
      "revenue": 0,
      "adult_flag": false,
      "runtime_minutes": 172,
      "collection_id": null
    },
    {
      "media_id": 264,
      "release_date": "2007-09-06",
      "budget": 10000000,
      "revenue": 33000000,
      "adult_flag": false,
      "runtime_minutes": 100,
      "collection_id": null
    },
    {
      "media_id": 265,
      "release_date": "1995-04-13",
      "budget": 28000000,
      "revenue": 31596911,
      "adult_flag": false,
      "runtime_minutes": 139,
      "collection_id": null
    },
    {
      "media_id": 266,
      "release_date": "2001-07-24",
      "budget": 11000000,
      "revenue": 16951798,
      "adult_flag": false,
      "runtime_minutes": 91,
      "collection_id": null
    },
    {
      "media_id": 267,
      "release_date": "2013-07-11",
      "budget": 135000000,
      "revenue": 282570682,
      "adult_flag": false,
      "runtime_minutes": 96,
      "collection_id": null
    },
    {
      "media_id": 268,
      "release_date": "2007-05-22",
      "budget": 14000000,
      "revenue": 19777647,
      "adult_flag": false,
      "runtime_minutes": 112,
      "collection_id": null
    },
    {
      "media_id": 269,
      "release_date": "1995-08-25",
      "budget": 7000000,
      "revenue": 25405445,
      "adult_flag": false,
      "runtime_minutes": 104,
      "collection_id": null
    },
    {
      "media_id": 270,
      "release_date": "2014-08-18",
      "budget": 5000000,
      "revenue": 0,
      "adult_flag": false,
      "runtime_minutes": 67,
      "collection_id": null
    },
    {
      "media_id": 271,
      "release_date": "2011-08-04",
      "budget": 0,
      "revenue": 15699707,
      "adult_flag": false,
      "runtime_minutes": 100,
      "collection_id": null
    },
    {
      "media_id": 272,
      "release_date": "2001-08-03",
      "budget": 37000000,
      "revenue": 165335153,
      "adult_flag": false,
      "runtime_minutes": 115,
      "collection_id": null
    },
    {
      "media_id": 273,
      "release_date": "2010-03-19",
      "budget": 15000000,
      "revenue": 75700498,
      "adult_flag": false,
      "runtime_minutes": 92,
      "collection_id": null
    },
    {
      "media_id": 274,
      "release_date": "2010-11-05",
      "budget": 18000000,
      "revenue": 35692920,
      "adult_flag": false,
      "runtime_minutes": 94,
      "collection_id": null
    },
    {
      "media_id": 275,
      "release_date": "2002-03-22",
      "budget": 0,
      "revenue": 0,
      "adult_flag": false,
      "runtime_minutes": 91,
      "collection_id": null
    },
    {
      "media_id": 276,
      "release_date": "2005-01-26",
      "budget": 8000000,
      "revenue": 127392239,
      "adult_flag": false,
      "runtime_minutes": 80,
      "collection_id": null
    },
    {
      "media_id": 277,
      "release_date": "2013-01-16",
      "budget": 7000000,
      "revenue": 0,
      "adult_flag": false,
      "runtime_minutes": 88,
      "collection_id": null
    },
    {
      "media_id": 278,
      "release_date": "1997-08-26",
      "budget": 20000000,
      "revenue": 10686841,
      "adult_flag": false,
      "runtime_minutes": 96,
      "collection_id": null
    },
    {
      "media_id": 279,
      "release_date": "2012-12-07",
      "budget": 0,
      "revenue": 0,
      "adult_flag": false,
      "runtime_minutes": 180,
      "collection_id": null
    },
    {
      "media_id": 280,
      "release_date": "1992-06-04",
      "budget": 45000000,
      "revenue": 178051587,
      "adult_flag": false,
      "runtime_minutes": 117,
      "collection_id": null
    },
    {
      "media_id": 281,
      "release_date": "2009-09-11",
      "budget": 0,
      "revenue": 0,
      "adult_flag": false,
      "runtime_minutes": 88,
      "collection_id": null
    },
    {
      "media_id": 282,
      "release_date": "2011-04-22",
      "budget": 0,
      "revenue": 0,
      "adult_flag": false,
      "runtime_minutes": 130,
      "collection_id": null
    },
    {
      "media_id": 283,
      "release_date": "1966-07-30",
      "budget": 1377800,
      "revenue": 0,
      "adult_flag": false,
      "runtime_minutes": 105,
      "collection_id": null
    },
    {
      "media_id": 284,
      "release_date": "2000-10-07",
      "budget": 85000000,
      "revenue": 183611771,
      "adult_flag": false,
      "runtime_minutes": 100,
      "collection_id": null
    },
    {
      "media_id": 285,
      "release_date": "1942-08-14",
      "budget": 858000,
      "revenue": 267447150,
      "adult_flag": false,
      "runtime_minutes": 70,
      "collection_id": null
    },
    {
      "media_id": 286,
      "release_date": "1995-10-20",
      "budget": 6000000,
      "revenue": 2122561,
      "adult_flag": false,
      "runtime_minutes": 94,
      "collection_id": null
    },
    {
      "media_id": 287,
      "release_date": "2011-05-13",
      "budget": 2450000,
      "revenue": 0,
      "adult_flag": false,
      "runtime_minutes": 105,
      "collection_id": null
    },
    {
      "media_id": 288,
      "release_date": "2010-04-02",
      "budget": 35000000,
      "revenue": 39340177,
      "adult_flag": false,
      "runtime_minutes": 92,
      "collection_id": null
    },
    {
      "media_id": 289,
      "release_date": "2012-10-11",
      "budget": 0,
      "revenue": 73100172,
      "adult_flag": false,
      "runtime_minutes": 105,
      "collection_id": null
    },
    {
      "media_id": 290,
      "release_date": "1975-06-18",
      "budget": 7000000,
      "revenue": 470654000,
      "adult_flag": false,
      "runtime_minutes": 124,
      "collection_id": null
    },
    {
      "media_id": 291,
      "release_date": "2007-03-02",
      "budget": 0,
      "revenue": 253625427,
      "adult_flag": false,
      "runtime_minutes": 100,
      "collection_id": null
    },
    {
      "media_id": 292,
      "release_date": "2008-12-09",
      "budget": 33000000,
      "revenue": 269958228,
      "adult_flag": false,
      "runtime_minutes": 116,
      "collection_id": null
    },
    {
      "media_id": 293,
      "release_date": "2004-12-17",
      "budget": 45000000,
      "revenue": 21009180,
      "adult_flag": false,
      "runtime_minutes": 113,
      "collection_id": null
    },
    {
      "media_id": 294,
      "release_date": "2013-11-08",
      "budget": 0,
      "revenue": 76586316,
      "adult_flag": false,
      "runtime_minutes": 131,
      "collection_id": null
    },
    {
      "media_id": 295,
      "release_date": "2001-11-23",
      "budget": 1700000,
      "revenue": 0,
      "adult_flag": false,
      "runtime_minutes": 130,
      "collection_id": null
    },
    {
      "media_id": 296,
      "release_date": "2014-09-12",
      "budget": 5000000,
      "revenue": 846704,
      "adult_flag": false,
      "runtime_minutes": 99,
      "collection_id": null
    },
    {
      "media_id": 297,
      "release_date": "2009-05-20",
      "budget": 200000000,
      "revenue": 371353001,
      "adult_flag": false,
      "runtime_minutes": 115,
      "collection_id": null
    },
    {
      "media_id": 298,
      "release_date": "1981-04-22",
      "budget": 0,
      "revenue": 0,
      "adult_flag": false,
      "runtime_minutes": 87,
      "collection_id": null
    },
    {
      "media_id": 299,
      "release_date": "2016-01-01",
      "budget": 25000000,
      "revenue": 1397284,
      "adult_flag": false,
      "runtime_minutes": 98,
      "collection_id": null
    },
    {
      "media_id": 300,
      "release_date": "2002-01-01",
      "budget": 0,
      "revenue": 0,
      "adult_flag": false,
      "runtime_minutes": 112,
      "collection_id": null
    },
    {
      "media_id": 301,
      "release_date": "2006-05-27",
      "budget": 19000000,
      "revenue": 83258226,
      "adult_flag": false,
      "runtime_minutes": 118,
      "collection_id": null
    },
    {
      "media_id": 302,
      "release_date": "1946-12-31",
      "budget": 6000000,
      "revenue": 20400000,
      "adult_flag": false,
      "runtime_minutes": 144,
      "collection_id": null
    },
    {
      "media_id": 303,
      "release_date": "1994-06-17",
      "budget": 0,
      "revenue": 0,
      "adult_flag": false,
      "runtime_minutes": 125,
      "collection_id": null
    },
    {
      "media_id": 304,
      "release_date": "2008-09-26",
      "budget": 3000000,
      "revenue": 3830137,
      "adult_flag": false,
      "runtime_minutes": 92,
      "collection_id": null
    },
    {
      "media_id": 305,
      "release_date": "2014-07-13",
      "budget": 200,
      "revenue": 0,
      "adult_flag": false,
      "runtime_minutes": 109,
      "collection_id": null
    },
    {
      "media_id": 306,
      "release_date": "2003-12-19",
      "budget": 16500000,
      "revenue": 16942795,
      "adult_flag": false,
      "runtime_minutes": 126,
      "collection_id": null
    },
    {
      "media_id": 307,
      "release_date": "2002-05-22",
      "budget": 0,
      "revenue": 792,
      "adult_flag": false,
      "runtime_minutes": 97,
      "collection_id": null
    },
    {
      "media_id": 308,
      "release_date": "2012-06-15",
      "budget": 65000000,
      "revenue": 73706,
      "adult_flag": false,
      "runtime_minutes": 87,
      "collection_id": null
    },
    {
      "media_id": 309,
      "release_date": "2005-09-23",
      "budget": 0,
      "revenue": 0,
      "adult_flag": false,
      "runtime_minutes": 112,
      "collection_id": null
    },
    {
      "media_id": 310,
      "release_date": "1997-01-01",
      "budget": 0,
      "revenue": 0,
      "adult_flag": false,
      "runtime_minutes": 93,
      "collection_id": null
    },
    {
      "media_id": 311,
      "release_date": "2001-01-12",
      "budget": 13000000,
      "revenue": 91038276,
      "adult_flag": false,
      "runtime_minutes": 112,
      "collection_id": null
    },
    {
      "media_id": 312,
      "release_date": "2014-09-10",
      "budget": 60000000,
      "revenue": 108255770,
      "adult_flag": false,
      "runtime_minutes": 97,
      "collection_id": null
    },
    {
      "media_id": 313,
      "release_date": "2014-02-26",
      "budget": 30000000,
      "revenue": 174600318,
      "adult_flag": false,
      "runtime_minutes": 99,
      "collection_id": null
    },
    {
      "media_id": 314,
      "release_date": "2007-05-17",
      "budget": 160000000,
      "revenue": 798958165,
      "adult_flag": false,
      "runtime_minutes": 93,
      "collection_id": null
    },
    {
      "media_id": 315,
      "release_date": "2011-12-30",
      "budget": 13000000,
      "revenue": 114956699,
      "adult_flag": false,
      "runtime_minutes": 105,
      "collection_id": null
    },
    {
      "media_id": 316,
      "release_date": "2013-09-12",
      "budget": 12000000,
      "revenue": 15008161,
      "adult_flag": false,
      "runtime_minutes": 107,
      "collection_id": null
    },
    {
      "media_id": 317,
      "release_date": "2012-04-04",
      "budget": 50000000,
      "revenue": 234989584,
      "adult_flag": false,
      "runtime_minutes": 113,
      "collection_id": null
    },
    {
      "media_id": 318,
      "release_date": "2005-08-26",
      "budget": 88000000,
      "revenue": 105316267,
      "adult_flag": false,
      "runtime_minutes": 118,
      "collection_id": null
    },
    {
      "media_id": 319,
      "release_date": "2005-06-17",
      "budget": 0,
      "revenue": 0,
      "adult_flag": false,
      "runtime_minutes": 90,
      "collection_id": null
    },
    {
      "media_id": 320,
      "release_date": "1989-06-09",
      "budget": 30000000,
      "revenue": 70200000,
      "adult_flag": false,
      "runtime_minutes": 107,
      "collection_id": null
    },
    {
      "media_id": 321,
      "release_date": "2009-03-27",
      "budget": 10000000,
      "revenue": 0,
      "adult_flag": false,
      "runtime_minutes": 97,
      "collection_id": null
    },
    {
      "media_id": 322,
      "release_date": "2001-10-05",
      "budget": 12000000,
      "revenue": 17292381,
      "adult_flag": false,
      "runtime_minutes": 86,
      "collection_id": null
    },
    {
      "media_id": 323,
      "release_date": "2013-12-05",
      "budget": 0,
      "revenue": 0,
      "adult_flag": false,
      "runtime_minutes": 109,
      "collection_id": null
    },
    {
      "media_id": 324,
      "release_date": "2004-06-23",
      "budget": 37000000,
      "revenue": 113086475,
      "adult_flag": false,
      "runtime_minutes": 109,
      "collection_id": null
    },
    {
      "media_id": 325,
      "release_date": "1997-05-07",
      "budget": 90000000,
      "revenue": 263920180,
      "adult_flag": false,
      "runtime_minutes": 126,
      "collection_id": null
    },
    {
      "media_id": 326,
      "release_date": "1997-11-18",
      "budget": 40000000,
      "revenue": 45916769,
      "adult_flag": false,
      "runtime_minutes": 135,
      "collection_id": null
    },
    {
      "media_id": 327,
      "release_date": "2010-01-15",
      "budget": 0,
      "revenue": 0,
      "adult_flag": false,
      "runtime_minutes": 124,
      "collection_id": null
    },
    {
      "media_id": 328,
      "release_date": "1999-07-30",
      "budget": 70000000,
      "revenue": 309457509,
      "adult_flag": false,
      "runtime_minutes": 116,
      "collection_id": null
    },
    {
      "media_id": 329,
      "release_date": "2002-02-15",
      "budget": 36000000,
      "revenue": 102244770,
      "adult_flag": false,
      "runtime_minutes": 116,
      "collection_id": null
    },
    {
      "media_id": 330,
      "release_date": "2012-09-12",
      "budget": 65000000,
      "revenue": 240159255,
      "adult_flag": false,
      "runtime_minutes": 95,
      "collection_id": null
    },
    {
      "media_id": 331,
      "release_date": "1994-09-23",
      "budget": 25000000,
      "revenue": 28341469,
      "adult_flag": false,
      "runtime_minutes": 142,
      "collection_id": null
    },
    {
      "media_id": 332,
      "release_date": "1996-01-31",
      "budget": 0,
      "revenue": 0,
      "adult_flag": false,
      "runtime_minutes": 84,
      "collection_id": null
    },
    {
      "media_id": 333,
      "release_date": "2005-07-22",
      "budget": 0,
      "revenue": 0,
      "adult_flag": false,
      "runtime_minutes": 107,
      "collection_id": null
    },
    {
      "media_id": 334,
      "release_date": "1968-06-12",
      "budget": 3200000,
      "revenue": 33395426,
      "adult_flag": false,
      "runtime_minutes": 136,
      "collection_id": null
    },
    {
      "media_id": 335,
      "release_date": "1966-12-23",
      "budget": 1200000,
      "revenue": 6000000,
      "adult_flag": false,
      "runtime_minutes": 161,
      "collection_id": null
    },
    {
      "media_id": 336,
      "release_date": "1994-08-03",
      "budget": 62000000,
      "revenue": 215887717,
      "adult_flag": false,
      "runtime_minutes": 141,
      "collection_id": null
    },
    {
      "media_id": 337,
      "release_date": "2009-02-27",
      "budget": 50000000,
      "revenue": 12764201,
      "adult_flag": false,
      "runtime_minutes": 97,
      "collection_id": null
    },
    {
      "media_id": 338,
      "release_date": "2014-08-06",
      "budget": 22000000,
      "revenue": 88880821,
      "adult_flag": false,
      "runtime_minutes": 122,
      "collection_id": null
    },
    {
      "media_id": 339,
      "release_date": "1990-06-15",
      "budget": 47000000,
      "revenue": 103738726,
      "adult_flag": false,
      "runtime_minutes": 103,
      "collection_id": null
    },
    {
      "media_id": 340,
      "release_date": "2004-11-19",
      "budget": 100000000,
      "revenue": 347451894,
      "adult_flag": false,
      "runtime_minutes": 131,
      "collection_id": null
    },
    {
      "media_id": 341,
      "release_date": "2007-11-21",
      "budget": 24000000,
      "revenue": 99965753,
      "adult_flag": false,
      "runtime_minutes": 89,
      "collection_id": null
    },
    {
      "media_id": 342,
      "release_date": "2009-06-26",
      "budget": 30000000,
      "revenue": 95714875,
      "adult_flag": false,
      "runtime_minutes": 109,
      "collection_id": null
    },
    {
      "media_id": 343,
      "release_date": "2013-08-07",
      "budget": 37000000,
      "revenue": 269994119,
      "adult_flag": false,
      "runtime_minutes": 110,
      "collection_id": null
    },
    {
      "media_id": 344,
      "release_date": "2005-06-01",
      "budget": 25000000,
      "revenue": 39053061,
      "adult_flag": false,
      "runtime_minutes": 119,
      "collection_id": null
    },
    {
      "media_id": 345,
      "release_date": "2013-12-24",
      "budget": 40000000,
      "revenue": 149295601,
      "adult_flag": false,
      "runtime_minutes": 121,
      "collection_id": null
    },
    {
      "media_id": 346,
      "release_date": "2010-02-11",
      "budget": 150000000,
      "revenue": 0,
      "adult_flag": false,
      "runtime_minutes": 102,
      "collection_id": null
    },
    {
      "media_id": 347,
      "release_date": "1936-02-05",
      "budget": 1,
      "revenue": 8500000,
      "adult_flag": false,
      "runtime_minutes": 87,
      "collection_id": null
    },
    {
      "media_id": 348,
      "release_date": "2003-01-19",
      "budget": 300000,
      "revenue": 0,
      "adult_flag": false,
      "runtime_minutes": 81,
      "collection_id": null
    },
    {
      "media_id": 349,
      "release_date": "2013-09-13",
      "budget": 0,
      "revenue": 0,
      "adult_flag": false,
      "runtime_minutes": 98,
      "collection_id": null
    },
    {
      "media_id": 350,
      "release_date": "2001-06-29",
      "budget": 0,
      "revenue": 0,
      "adult_flag": false,
      "runtime_minutes": 124,
      "collection_id": null
    },
    {
      "media_id": 351,
      "release_date": "2007-06-01",
      "budget": 30000000,
      "revenue": 219076518,
      "adult_flag": false,
      "runtime_minutes": 129,
      "collection_id": null
    },
    {
      "media_id": 352,
      "release_date": "2000-05-14",
      "budget": 0,
      "revenue": 0,
      "adult_flag": false,
      "runtime_minutes": 90,
      "collection_id": null
    },
    {
      "media_id": 353,
      "release_date": "2012-10-25",
      "budget": 200000000,
      "revenue": 1108561013,
      "adult_flag": false,
      "runtime_minutes": 143,
      "collection_id": null
    },
    {
      "media_id": 354,
      "release_date": "2016-07-27",
      "budget": 0,
      "revenue": 0,
      "adult_flag": false,
      "runtime_minutes": 110,
      "collection_id": null
    },
    {
      "media_id": 355,
      "release_date": "2015-12-11",
      "budget": 0,
      "revenue": 0,
      "adult_flag": false,
      "runtime_minutes": 86,
      "collection_id": null
    },
    {
      "media_id": 356,
      "release_date": "2002-02-15",
      "budget": 70000000,
      "revenue": 32287044,
      "adult_flag": false,
      "runtime_minutes": 125,
      "collection_id": null
    },
    {
      "media_id": 357,
      "release_date": "2010-11-06",
      "budget": 25000000,
      "revenue": 36993168,
      "adult_flag": false,
      "runtime_minutes": 99,
      "collection_id": null
    },
    {
      "media_id": 358,
      "release_date": "2014-11-27",
      "budget": 55000000,
      "revenue": 259207227,
      "adult_flag": false,
      "runtime_minutes": 95,
      "collection_id": null
    },
    {
      "media_id": 359,
      "release_date": "1998-07-31",
      "budget": 26000000,
      "revenue": 65705772,
      "adult_flag": false,
      "runtime_minutes": 121,
      "collection_id": null
    },
    {
      "media_id": 360,
      "release_date": "2013-02-27",
      "budget": 7000000,
      "revenue": 1310673,
      "adult_flag": false,
      "runtime_minutes": 170,
      "collection_id": null
    },
    {
      "media_id": 361,
      "release_date": "1952-04-10",
      "budget": 2540800,
      "revenue": 7200000,
      "adult_flag": false,
      "runtime_minutes": 103,
      "collection_id": null
    },
    {
      "media_id": 362,
      "release_date": "2015-07-28",
      "budget": 31000000,
      "revenue": 104384188,
      "adult_flag": false,
      "runtime_minutes": 99,
      "collection_id": null
    },
    {
      "media_id": 363,
      "release_date": "2012-10-29",
      "budget": 0,
      "revenue": 0,
      "adult_flag": false,
      "runtime_minutes": 104,
      "collection_id": null
    },
    {
      "media_id": 364,
      "release_date": "2012-09-27",
      "budget": 45000000,
      "revenue": 376141306,
      "adult_flag": false,
      "runtime_minutes": 91,
      "collection_id": null
    },
    {
      "media_id": 365,
      "release_date": "1984-03-16",
      "budget": 9000000,
      "revenue": 0,
      "adult_flag": false,
      "runtime_minutes": 91,
      "collection_id": null
    },
    {
      "media_id": 366,
      "release_date": "2004-01-21",
      "budget": 3500000,
      "revenue": 0,
      "adult_flag": false,
      "runtime_minutes": 91,
      "collection_id": null
    },
    {
      "media_id": 367,
      "release_date": "2014-06-24",
      "budget": 0,
      "revenue": 0,
      "adult_flag": false,
      "runtime_minutes": 90,
      "collection_id": null
    },
    {
      "media_id": 368,
      "release_date": "1973-08-01",
      "budget": 777000,
      "revenue": 140000000,
      "adult_flag": false,
      "runtime_minutes": 110,
      "collection_id": null
    },
    {
      "media_id": 369,
      "release_date": "1999-11-04",
      "budget": 0,
      "revenue": 0,
      "adult_flag": false,
      "runtime_minutes": 99,
      "collection_id": null
    },
    {
      "media_id": 370,
      "release_date": "1996-09-13",
      "budget": 25000000,
      "revenue": 51702483,
      "adult_flag": false,
      "runtime_minutes": 100,
      "collection_id": null
    },
    {
      "media_id": 371,
      "release_date": "1992-02-14",
      "budget": 20000000,
      "revenue": 121697323,
      "adult_flag": false,
      "runtime_minutes": 94,
      "collection_id": null
    },
    {
      "media_id": 372,
      "release_date": "2001-09-12",
      "budget": 0,
      "revenue": 0,
      "adult_flag": false,
      "runtime_minutes": 90,
      "collection_id": null
    },
    {
      "media_id": 373,
      "release_date": "1949-12-14",
      "budget": 1000000,
      "revenue": 7800000,
      "adult_flag": false,
      "runtime_minutes": 100,
      "collection_id": null
    },
    {
      "media_id": 374,
      "release_date": "2004-05-14",
      "budget": 0,
      "revenue": 0,
      "adult_flag": false,
      "runtime_minutes": 85,
      "collection_id": null
    },
    {
      "media_id": 375,
      "release_date": "2000-10-06",
      "budget": 0,
      "revenue": 0,
      "adult_flag": false,
      "runtime_minutes": 135,
      "collection_id": null
    },
    {
      "media_id": 376,
      "release_date": "2007-09-20",
      "budget": 18000000,
      "revenue": 26527510,
      "adult_flag": false,
      "runtime_minutes": 120,
      "collection_id": null
    },
    {
      "media_id": 377,
      "release_date": "2006-07-21",
      "budget": 75000000,
      "revenue": 140175006,
      "adult_flag": false,
      "runtime_minutes": 91,
      "collection_id": null
    },
    {
      "media_id": 378,
      "release_date": "2011-01-12",
      "budget": 120000000,
      "revenue": 227817248,
      "adult_flag": false,
      "runtime_minutes": 119,
      "collection_id": null
    },
    {
      "media_id": 379,
      "release_date": "2011-06-24",
      "budget": 10000000,
      "revenue": 1759252,
      "adult_flag": false,
      "runtime_minutes": 98,
      "collection_id": null
    },
    {
      "media_id": 380,
      "release_date": "1997-09-27",
      "budget": 18000000,
      "revenue": 8038061,
      "adult_flag": false,
      "runtime_minutes": 112,
      "collection_id": null
    },
    {
      "media_id": 381,
      "release_date": "1999-03-11",
      "budget": 30000000,
      "revenue": 0,
      "adult_flag": false,
      "runtime_minutes": 100,
      "collection_id": null
    },
    {
      "media_id": 382,
      "release_date": "1984-02-20",
      "budget": 1500000,
      "revenue": 2300000,
      "adult_flag": false,
      "runtime_minutes": 92,
      "collection_id": null
    },
    {
      "media_id": 383,
      "release_date": "2015-02-04",
      "budget": 176000003,
      "revenue": 183987723,
      "adult_flag": false,
      "runtime_minutes": 124,
      "collection_id": null
    },
    {
      "media_id": 384,
      "release_date": "1997-02-07",
      "budget": 116000000,
      "revenue": 178127760,
      "adult_flag": false,
      "runtime_minutes": 108,
      "collection_id": null
    },
    {
      "media_id": 385,
      "release_date": "2000-09-15",
      "budget": 60000000,
      "revenue": 47383689,
      "adult_flag": false,
      "runtime_minutes": 122,
      "collection_id": null
    },
    {
      "media_id": 386,
      "release_date": "2003-11-21",
      "budget": 40000000,
      "revenue": 141591324,
      "adult_flag": false,
      "runtime_minutes": 98,
      "collection_id": null
    },
    {
      "media_id": 387,
      "release_date": "2013-05-21",
      "budget": 12400000,
      "revenue": 8371085,
      "adult_flag": false,
      "runtime_minutes": 142,
      "collection_id": null
    },
    {
      "media_id": 388,
      "release_date": "2005-04-30",
      "budget": 40000000,
      "revenue": 68766121,
      "adult_flag": false,
      "runtime_minutes": 113,
      "collection_id": null
    },
    {
      "media_id": 389,
      "release_date": "2002-09-29",
      "budget": 78000000,
      "revenue": 209196298,
      "adult_flag": false,
      "runtime_minutes": 124,
      "collection_id": null
    },
    {
      "media_id": 390,
      "release_date": "1998-08-21",
      "budget": 45000000,
      "revenue": 131183530,
      "adult_flag": false,
      "runtime_minutes": 120,
      "collection_id": null
    },
    {
      "media_id": 391,
      "release_date": "2000-05-31",
      "budget": 30000000,
      "revenue": 173959438,
      "adult_flag": false,
      "runtime_minutes": 98,
      "collection_id": null
    },
    {
      "media_id": 392,
      "release_date": "2006-07-06",
      "budget": 8000000,
      "revenue": 12671300,
      "adult_flag": false,
      "runtime_minutes": 116,
      "collection_id": null
    },
    {
      "media_id": 393,
      "release_date": "1995-11-17",
      "budget": 62000000,
      "revenue": 107879496,
      "adult_flag": false,
      "runtime_minutes": 106,
      "collection_id": null
    },
    {
      "media_id": 394,
      "release_date": "1991-08-23",
      "budget": 8000000,
      "revenue": 2275557,
      "adult_flag": false,
      "runtime_minutes": 79,
      "collection_id": null
    },
    {
      "media_id": 395,
      "release_date": "1999-06-29",
      "budget": 170000000,
      "revenue": 222104681,
      "adult_flag": false,
      "runtime_minutes": 106,
      "collection_id": null
    },
    {
      "media_id": 396,
      "release_date": "2005-01-23",
      "budget": 0,
      "revenue": 1919197,
      "adult_flag": false,
      "runtime_minutes": 96,
      "collection_id": null
    },
    {
      "media_id": 397,
      "release_date": "1980-07-05",
      "budget": 4500000,
      "revenue": 58853106,
      "adult_flag": false,
      "runtime_minutes": 104,
      "collection_id": null
    },
    {
      "media_id": 398,
      "release_date": "1999-02-26",
      "budget": 6000000,
      "revenue": 6852450,
      "adult_flag": false,
      "runtime_minutes": 101,
      "collection_id": null
    },
    {
      "media_id": 399,
      "release_date": "2005-09-23",
      "budget": 32000000,
      "revenue": 60740827,
      "adult_flag": false,
      "runtime_minutes": 96,
      "collection_id": null
    },
    {
      "media_id": 400,
      "release_date": "1993-01-27",
      "budget": 0,
      "revenue": 0,
      "adult_flag": false,
      "runtime_minutes": 107,
      "collection_id": null
    },
    {
      "media_id": 401,
      "release_date": "2014-02-18",
      "budget": 130000000,
      "revenue": 117831631,
      "adult_flag": false,
      "runtime_minutes": 105,
      "collection_id": null
    },
    {
      "media_id": 402,
      "release_date": "1997-09-19",
      "budget": 35000000,
      "revenue": 126216940,
      "adult_flag": false,
      "runtime_minutes": 138,
      "collection_id": null
    },
    {
      "media_id": 403,
      "release_date": "2002-01-08",
      "budget": 8000000,
      "revenue": 0,
      "adult_flag": false,
      "runtime_minutes": 111,
      "collection_id": null
    },
    {
      "media_id": 404,
      "release_date": "2013-05-05",
      "budget": 190000000,
      "revenue": 467365246,
      "adult_flag": false,
      "runtime_minutes": 132,
      "collection_id": null
    },
    {
      "media_id": 405,
      "release_date": "2005-03-09",
      "budget": 52000000,
      "revenue": 77944725,
      "adult_flag": false,
      "runtime_minutes": 113,
      "collection_id": null
    },
    {
      "media_id": 406,
      "release_date": "2001-06-07",
      "budget": 102000000,
      "revenue": 147080413,
      "adult_flag": false,
      "runtime_minutes": 99,
      "collection_id": null
    },
    {
      "media_id": 407,
      "release_date": "2009-01-15",
      "budget": 3,
      "revenue": 0,
      "adult_flag": false,
      "runtime_minutes": 100,
      "collection_id": null
    },
    {
      "media_id": 408,
      "release_date": "2005-02-04",
      "budget": 20000000,
      "revenue": 67192859,
      "adult_flag": false,
      "runtime_minutes": 89,
      "collection_id": null
    },
    {
      "media_id": 409,
      "release_date": "1940-04-12",
      "budget": 1288000,
      "revenue": 6000000,
      "adult_flag": false,
      "runtime_minutes": 130,
      "collection_id": null
    },
    {
      "media_id": 410,
      "release_date": "1999-12-17",
      "budget": 80000000,
      "revenue": 90874570,
      "adult_flag": false,
      "runtime_minutes": 74,
      "collection_id": null
    },
    {
      "media_id": 411,
      "release_date": "1990-07-27",
      "budget": 0,
      "revenue": 0,
      "adult_flag": false,
      "runtime_minutes": 97,
      "collection_id": null
    },
    {
      "media_id": 412,
      "release_date": "2006-06-22",
      "budget": 82500000,
      "revenue": 237681299,
      "adult_flag": false,
      "runtime_minutes": 107,
      "collection_id": null
    },
    {
      "media_id": 413,
      "release_date": "2003-11-14",
      "budget": 6000000,
      "revenue": 2944752,
      "adult_flag": false,
      "runtime_minutes": 94,
      "collection_id": null
    },
    {
      "media_id": 414,
      "release_date": "2006-03-31",
      "budget": 15500000,
      "revenue": 0,
      "adult_flag": false,
      "runtime_minutes": 95,
      "collection_id": null
    },
    {
      "media_id": 415,
      "release_date": "1996-10-04",
      "budget": 45000000,
      "revenue": 0,
      "adult_flag": false,
      "runtime_minutes": 92,
      "collection_id": null
    },
    {
      "media_id": 416,
      "release_date": "2000-09-01",
      "budget": 0,
      "revenue": 0,
      "adult_flag": false,
      "runtime_minutes": 99,
      "collection_id": null
    },
    {
      "media_id": 417,
      "release_date": "2004-08-26",
      "budget": 20000000,
      "revenue": 70992898,
      "adult_flag": false,
      "runtime_minutes": 97,
      "collection_id": null
    },
    {
      "media_id": 418,
      "release_date": "2000-07-05",
      "budget": 0,
      "revenue": 0,
      "adult_flag": false,
      "runtime_minutes": 113,
      "collection_id": null
    },
    {
      "media_id": 419,
      "release_date": "1940-02-23",
      "budget": 2600000,
      "revenue": 84300000,
      "adult_flag": false,
      "runtime_minutes": 88,
      "collection_id": null
    },
    {
      "media_id": 420,
      "release_date": "2012-01-23",
      "budget": 0,
      "revenue": 0,
      "adult_flag": false,
      "runtime_minutes": 87,
      "collection_id": null
    },
    {
      "media_id": 421,
      "release_date": "2007-11-05",
      "budget": 70000000,
      "revenue": 195735876,
      "adult_flag": false,
      "runtime_minutes": 115,
      "collection_id": null
    },
    {
      "media_id": 422,
      "release_date": "1997-09-07",
      "budget": 0,
      "revenue": 0,
      "adult_flag": false,
      "runtime_minutes": 109,
      "collection_id": null
    },
    {
      "media_id": 423,
      "release_date": "2006-10-18",
      "budget": 0,
      "revenue": 0,
      "adult_flag": false,
      "runtime_minutes": 90,
      "collection_id": null
    },
    {
      "media_id": 424,
      "release_date": "2015-10-09",
      "budget": 0,
      "revenue": 0,
      "adult_flag": false,
      "runtime_minutes": 106,
      "collection_id": null
    },
    {
      "media_id": 425,
      "release_date": "2015-04-10",
      "budget": 0,
      "revenue": 0,
      "adult_flag": false,
      "runtime_minutes": 104,
      "collection_id": null
    },
    {
      "media_id": 426,
      "release_date": "2013-01-17",
      "budget": 50000000,
      "revenue": 224803475,
      "adult_flag": false,
      "runtime_minutes": 88,
      "collection_id": null
    },
    {
      "media_id": 427,
      "release_date": "2000-09-08",
      "budget": 33000000,
      "revenue": 0,
      "adult_flag": false,
      "runtime_minutes": 96,
      "collection_id": null
    },
    {
      "media_id": 428,
      "release_date": "2016-01-25",
      "budget": 80000000,
      "revenue": 52099090,
      "adult_flag": false,
      "runtime_minutes": 114,
      "collection_id": null
    },
    {
      "media_id": 429,
      "release_date": "2004-04-30",
      "budget": 25000000,
      "revenue": 30114487,
      "adult_flag": false,
      "runtime_minutes": 102,
      "collection_id": null
    },
    {
      "media_id": 430,
      "release_date": "1997-02-14",
      "budget": 50000000,
      "revenue": 50068310,
      "adult_flag": false,
      "runtime_minutes": 121,
      "collection_id": null
    },
    {
      "media_id": 431,
      "release_date": "2007-12-13",
      "budget": 60000000,
      "revenue": 361366633,
      "adult_flag": false,
      "runtime_minutes": 92,
      "collection_id": null
    },
    {
      "media_id": 432,
      "release_date": "2005-08-18",
      "budget": 3000000,
      "revenue": 9879971,
      "adult_flag": false,
      "runtime_minutes": 94,
      "collection_id": null
    },
    {
      "media_id": 433,
      "release_date": "2005-07-08",
      "budget": 0,
      "revenue": 0,
      "adult_flag": false,
      "runtime_minutes": 99,
      "collection_id": null
    },
    {
      "media_id": 434,
      "release_date": "2011-01-01",
      "budget": 19000000,
      "revenue": 2570000,
      "adult_flag": false,
      "runtime_minutes": 89,
      "collection_id": null
    },
    {
      "media_id": 435,
      "release_date": "1999-05-19",
      "budget": 115000000,
      "revenue": 924317558,
      "adult_flag": false,
      "runtime_minutes": 136,
      "collection_id": null
    },
    {
      "media_id": 436,
      "release_date": "2010-11-18",
      "budget": 30000000,
      "revenue": 51148651,
      "adult_flag": false,
      "runtime_minutes": 133,
      "collection_id": null
    },
    {
      "media_id": 437,
      "release_date": "2009-10-15",
      "budget": 53000000,
      "revenue": 126690726,
      "adult_flag": false,
      "runtime_minutes": 109,
      "collection_id": null
    },
    {
      "media_id": 438,
      "release_date": "2010-09-24",
      "budget": 20000000,
      "revenue": 32005248,
      "adult_flag": false,
      "runtime_minutes": 105,
      "collection_id": null
    },
    {
      "media_id": 439,
      "release_date": "2009-04-25",
      "budget": 0,
      "revenue": 0,
      "adult_flag": false,
      "runtime_minutes": 95,
      "collection_id": null
    },
    {
      "media_id": 440,
      "release_date": "2005-02-11",
      "budget": 0,
      "revenue": 0,
      "adult_flag": false,
      "runtime_minutes": 68,
      "collection_id": null
    },
    {
      "media_id": 441,
      "release_date": "1999-09-10",
      "budget": 29000000,
      "revenue": 50041732,
      "adult_flag": false,
      "runtime_minutes": 103,
      "collection_id": null
    },
    {
      "media_id": 442,
      "release_date": "2012-08-23",
      "budget": 17000000,
      "revenue": 9627492,
      "adult_flag": false,
      "runtime_minutes": 82,
      "collection_id": null
    },
    {
      "media_id": 443,
      "release_date": "2012-09-07",
      "budget": 50000000,
      "revenue": 41037742,
      "adult_flag": false,
      "runtime_minutes": 95,
      "collection_id": null
    },
    {
      "media_id": 444,
      "release_date": "2005-11-17",
      "budget": 15000000,
      "revenue": 12036149,
      "adult_flag": false,
      "runtime_minutes": 121,
      "collection_id": null
    },
    {
      "media_id": 445,
      "release_date": "1995-03-31",
      "budget": 25000000,
      "revenue": 4064495,
      "adult_flag": false,
      "runtime_minutes": 98,
      "collection_id": null
    },
    {
      "media_id": 446,
      "release_date": "2006-02-24",
      "budget": 6000000,
      "revenue": 57231524,
      "adult_flag": false,
      "runtime_minutes": 110,
      "collection_id": null
    },
    {
      "media_id": 447,
      "release_date": "2016-01-08",
      "budget": 0,
      "revenue": 0,
      "adult_flag": false,
      "runtime_minutes": 111,
      "collection_id": null
    },
    {
      "media_id": 448,
      "release_date": "2012-08-31",
      "budget": 1000000,
      "revenue": 444575,
      "adult_flag": false,
      "runtime_minutes": 115,
      "collection_id": null
    },
    {
      "media_id": 449,
      "release_date": "2012-03-06",
      "budget": 0,
      "revenue": 0,
      "adult_flag": false,
      "runtime_minutes": 87,
      "collection_id": null
    },
    {
      "media_id": 450,
      "release_date": "2006-09-29",
      "budget": 100000,
      "revenue": 10178331,
      "adult_flag": false,
      "runtime_minutes": 111,
      "collection_id": null
    },
    {
      "media_id": 451,
      "release_date": "2003-07-02",
      "budget": 200000000,
      "revenue": 435000000,
      "adult_flag": false,
      "runtime_minutes": 109,
      "collection_id": null
    },
    {
      "media_id": 452,
      "release_date": "2011-05-14",
      "budget": 380000000,
      "revenue": 1045713802,
      "adult_flag": false,
      "runtime_minutes": 136,
      "collection_id": null
    },
    {
      "media_id": 453,
      "release_date": "2011-04-13",
      "budget": 30000000,
      "revenue": 14460000,
      "adult_flag": false,
      "runtime_minutes": 63,
      "collection_id": null
    },
    {
      "media_id": 454,
      "release_date": "2011-03-25",
      "budget": 0,
      "revenue": 0,
      "adult_flag": false,
      "runtime_minutes": 112,
      "collection_id": null
    },
    {
      "media_id": 455,
      "release_date": "1999-06-04",
      "budget": 600000,
      "revenue": 4000000,
      "adult_flag": false,
      "runtime_minutes": 99,
      "collection_id": null
    },
    {
      "media_id": 456,
      "release_date": "2014-08-11",
      "budget": 25000000,
      "revenue": 66980456,
      "adult_flag": false,
      "runtime_minutes": 94,
      "collection_id": null
    },
    {
      "media_id": 457,
      "release_date": "2008-01-22",
      "budget": 35000000,
      "revenue": 32483410,
      "adult_flag": false,
      "runtime_minutes": 101,
      "collection_id": null
    },
    {
      "media_id": 458,
      "release_date": "2009-11-06",
      "budget": 10000000,
      "revenue": 42333295,
      "adult_flag": false,
      "runtime_minutes": 98,
      "collection_id": null
    },
    {
      "media_id": 459,
      "release_date": "1999-04-16",
      "budget": 16000000,
      "revenue": 18564088,
      "adult_flag": false,
      "runtime_minutes": 100,
      "collection_id": null
    },
    {
      "media_id": 460,
      "release_date": "1972-06-29",
      "budget": 1700000,
      "revenue": 9700000,
      "adult_flag": false,
      "runtime_minutes": 88,
      "collection_id": null
    },
    {
      "media_id": 461,
      "release_date": "1995-06-14",
      "budget": 55000000,
      "revenue": 346079773,
      "adult_flag": false,
      "runtime_minutes": 81,
      "collection_id": null
    },
    {
      "media_id": 462,
      "release_date": "2003-10-03",
      "budget": 35000000,
      "revenue": 131282949,
      "adult_flag": false,
      "runtime_minutes": 108,
      "collection_id": null
    },
    {
      "media_id": 463,
      "release_date": "1997-04-03",
      "budget": 68000000,
      "revenue": 118063304,
      "adult_flag": false,
      "runtime_minutes": 116,
      "collection_id": null
    },
    {
      "media_id": 464,
      "release_date": "1995-04-21",
      "budget": 40000000,
      "revenue": 0,
      "adult_flag": false,
      "runtime_minutes": 101,
      "collection_id": null
    },
    {
      "media_id": 465,
      "release_date": "2013-10-11",
      "budget": 28000000,
      "revenue": 8555008,
      "adult_flag": false,
      "runtime_minutes": 128,
      "collection_id": null
    },
    {
      "media_id": 466,
      "release_date": "2013-01-01",
      "budget": 0,
      "revenue": 0,
      "adult_flag": false,
      "runtime_minutes": 98,
      "collection_id": null
    },
    {
      "media_id": 467,
      "release_date": "1998-05-27",
      "budget": 0,
      "revenue": 0,
      "adult_flag": false,
      "runtime_minutes": 93,
      "collection_id": null
    },
    {
      "media_id": 468,
      "release_date": "2009-03-04",
      "budget": 35000000,
      "revenue": 27409889,
      "adult_flag": false,
      "runtime_minutes": 105,
      "collection_id": null
    },
    {
      "media_id": 469,
      "release_date": "2014-08-07",
      "budget": 125000000,
      "revenue": 477200000,
      "adult_flag": false,
      "runtime_minutes": 101,
      "collection_id": null
    },
    {
      "media_id": 470,
      "release_date": "2014-07-17",
      "budget": 9000000,
      "revenue": 108782847,
      "adult_flag": false,
      "runtime_minutes": 104,
      "collection_id": null
    },
    {
      "media_id": 471,
      "release_date": "2003-08-15",
      "budget": 41000000,
      "revenue": 0,
      "adult_flag": false,
      "runtime_minutes": 88,
      "collection_id": null
    },
    {
      "media_id": 472,
      "release_date": "2015-10-13",
      "budget": 522360,
      "revenue": 0,
      "adult_flag": false,
      "runtime_minutes": 105,
      "collection_id": null
    },
    {
      "media_id": 473,
      "release_date": "2007-09-21",
      "budget": 25000000,
      "revenue": 59192128,
      "adult_flag": false,
      "runtime_minutes": 101,
      "collection_id": null
    },
    {
      "media_id": 474,
      "release_date": "2005-05-13",
      "budget": 0,
      "revenue": 0,
      "adult_flag": false,
      "runtime_minutes": 105,
      "collection_id": null
    },
    {
      "media_id": 475,
      "release_date": "1971-03-12",
      "budget": 6500000,
      "revenue": 12376563,
      "adult_flag": false,
      "runtime_minutes": 131,
      "collection_id": null
    },
    {
      "media_id": 476,
      "release_date": "1994-09-04",
      "budget": 0,
      "revenue": 0,
      "adult_flag": false,
      "runtime_minutes": 103,
      "collection_id": null
    },
    {
      "media_id": 477,
      "release_date": "1996-03-01",
      "budget": 60000000,
      "revenue": 0,
      "adult_flag": false,
      "runtime_minutes": 119,
      "collection_id": null
    },
    {
      "media_id": 478,
      "release_date": "2014-06-05",
      "budget": 50000000,
      "revenue": 188441614,
      "adult_flag": false,
      "runtime_minutes": 112,
      "collection_id": null
    },
    {
      "media_id": 479,
      "release_date": "2013-09-13",
      "budget": 4700000,
      "revenue": 0,
      "adult_flag": false,
      "runtime_minutes": 92,
      "collection_id": null
    },
    {
      "media_id": 480,
      "release_date": "2015-05-08",
      "budget": 35000000,
      "revenue": 51680201,
      "adult_flag": false,
      "runtime_minutes": 87,
      "collection_id": null
    },
    {
      "media_id": 481,
      "release_date": "2014-09-27",
      "budget": 0,
      "revenue": 1500000,
      "adult_flag": false,
      "runtime_minutes": 85,
      "collection_id": null
    },
    {
      "media_id": 482,
      "release_date": "2009-04-22",
      "budget": 0,
      "revenue": 0,
      "adult_flag": false,
      "runtime_minutes": 80,
      "collection_id": null
    },
    {
      "media_id": 483,
      "release_date": "2007-10-01",
      "budget": 1500000,
      "revenue": 173066,
      "adult_flag": false,
      "runtime_minutes": 86,
      "collection_id": null
    },
    {
      "media_id": 484,
      "release_date": "2008-10-17",
      "budget": 25000000,
      "revenue": 6673422,
      "adult_flag": false,
      "runtime_minutes": 104,
      "collection_id": null
    },
    {
      "media_id": 485,
      "release_date": "1962-02-25",
      "budget": 62000,
      "revenue": 0,
      "adult_flag": false,
      "runtime_minutes": 82,
      "collection_id": null
    },
    {
      "media_id": 486,
      "release_date": "1998-07-01",
      "budget": 140000000,
      "revenue": 553799566,
      "adult_flag": false,
      "runtime_minutes": 151,
      "collection_id": null
    },
    {
      "media_id": 487,
      "release_date": "2014-10-01",
      "budget": 70000000,
      "revenue": 215529201,
      "adult_flag": false,
      "runtime_minutes": 92,
      "collection_id": null
    },
    {
      "media_id": 488,
      "release_date": "1968-04-10",
      "budget": 10500000,
      "revenue": 68700000,
      "adult_flag": false,
      "runtime_minutes": 149,
      "collection_id": null
    },
    {
      "media_id": 489,
      "release_date": "2008-02-14",
      "budget": 23000000,
      "revenue": 150816700,
      "adult_flag": false,
      "runtime_minutes": 98,
      "collection_id": null
    },
    {
      "media_id": 490,
      "release_date": "2011-09-30",
      "budget": 1000000,
      "revenue": 34522221,
      "adult_flag": false,
      "runtime_minutes": 129,
      "collection_id": null
    },
    {
      "media_id": 491,
      "release_date": "2015-07-31",
      "budget": 650000,
      "revenue": 0,
      "adult_flag": false,
      "runtime_minutes": 93,
      "collection_id": null
    },
    {
      "media_id": 492,
      "release_date": "2010-11-11",
      "budget": 10000000,
      "revenue": 66821036,
      "adult_flag": false,
      "runtime_minutes": 100,
      "collection_id": null
    },
    {
      "media_id": 493,
      "release_date": "2001-12-12",
      "budget": 35866397,
      "revenue": 20217080,
      "adult_flag": false,
      "runtime_minutes": 98,
      "collection_id": null
    },
    {
      "media_id": 494,
      "release_date": "1990-01-01",
      "budget": 0,
      "revenue": 0,
      "adult_flag": false,
      "runtime_minutes": 94,
      "collection_id": null
    },
    {
      "media_id": 495,
      "release_date": "1998-02-01",
      "budget": 0,
      "revenue": 0,
      "adult_flag": false,
      "runtime_minutes": 98,
      "collection_id": null
    },
    {
      "media_id": 496,
      "release_date": "1989-07-28",
      "budget": 5000000,
      "revenue": 14000000,
      "adult_flag": false,
      "runtime_minutes": 100,
      "collection_id": null
    },
    {
      "media_id": 497,
      "release_date": "2001-06-22",
      "budget": 70000000,
      "revenue": 176104344,
      "adult_flag": false,
      "runtime_minutes": 87,
      "collection_id": null
    },
    {
      "media_id": 498,
      "release_date": "1982-02-05",
      "budget": 0,
      "revenue": 0,
      "adult_flag": false,
      "runtime_minutes": 107,
      "collection_id": null
    },
    {
      "media_id": 499,
      "release_date": "2006-08-11",
      "budget": 12000000,
      "revenue": 114194847,
      "adult_flag": false,
      "runtime_minutes": 104,
      "collection_id": null
    },
    {
      "media_id": 500,
      "release_date": "1998-05-17",
      "budget": 0,
      "revenue": 0,
      "adult_flag": false,
      "runtime_minutes": 176,
      "collection_id": null
    },
    {
      "media_id": 501,
      "release_date": "2014-08-22",
      "budget": 0,
      "revenue": 0,
      "adult_flag": false,
      "runtime_minutes": 135,
      "collection_id": null
    },
    {
      "media_id": 502,
      "release_date": "2010-08-13",
      "budget": 155000000,
      "revenue": 415686217,
      "adult_flag": false,
      "runtime_minutes": 113,
      "collection_id": null
    },
    {
      "media_id": 503,
      "release_date": "1988-04-01",
      "budget": 0,
      "revenue": 0,
      "adult_flag": false,
      "runtime_minutes": 88,
      "collection_id": null
    },
    {
      "media_id": 504,
      "release_date": "2013-11-22",
      "budget": 0,
      "revenue": 0,
      "adult_flag": false,
      "runtime_minutes": 100,
      "collection_id": null
    },
    {
      "media_id": 505,
      "release_date": "2005-09-16",
      "budget": 42000000,
      "revenue": 24127895,
      "adult_flag": false,
      "runtime_minutes": 122,
      "collection_id": null
    },
    {
      "media_id": 506,
      "release_date": "2015-11-13",
      "budget": 20000000,
      "revenue": 0,
      "adult_flag": false,
      "runtime_minutes": 118,
      "collection_id": null
    },
    {
      "media_id": 507,
      "release_date": "1984-10-26",
      "budget": 18000000,
      "revenue": 51973029,
      "adult_flag": false,
      "runtime_minutes": 160,
      "collection_id": null
    },
    {
      "media_id": 508,
      "release_date": "2000-09-09",
      "budget": 0,
      "revenue": 0,
      "adult_flag": false,
      "runtime_minutes": 112,
      "collection_id": null
    },
    {
      "media_id": 509,
      "release_date": "2013-09-28",
      "budget": 10,
      "revenue": 10000000,
      "adult_flag": false,
      "runtime_minutes": 99,
      "collection_id": null
    },
    {
      "media_id": 510,
      "release_date": "1965-12-16",
      "budget": 5500000,
      "revenue": 141195658,
      "adult_flag": false,
      "runtime_minutes": 130,
      "collection_id": null
    },
    {
      "media_id": 511,
      "release_date": "2008-01-20",
      "budget": 0,
      "revenue": 0,
      "adult_flag": false,
      "runtime_minutes": 102,
      "collection_id": null
    },
    {
      "media_id": 512,
      "release_date": "1982-07-23",
      "budget": 35000000,
      "revenue": 69701637,
      "adult_flag": false,
      "runtime_minutes": 114,
      "collection_id": null
    },
    {
      "media_id": 513,
      "release_date": "2013-07-11",
      "budget": 180000000,
      "revenue": 407602906,
      "adult_flag": false,
      "runtime_minutes": 131,
      "collection_id": null
    },
    {
      "media_id": 514,
      "release_date": "1997-12-09",
      "budget": 24000000,
      "revenue": 172363301,
      "adult_flag": false,
      "runtime_minutes": 120,
      "collection_id": null
    },
    {
      "media_id": 515,
      "release_date": "2011-03-15",
      "budget": 38000000,
      "revenue": 114156230,
      "adult_flag": false,
      "runtime_minutes": 120,
      "collection_id": null
    },
    {
      "media_id": 516,
      "release_date": "2010-03-26",
      "budget": 35000000,
      "revenue": 93246388,
      "adult_flag": false,
      "runtime_minutes": 109,
      "collection_id": null
    },
    {
      "media_id": 517,
      "release_date": "2010-04-30",
      "budget": 0,
      "revenue": 0,
      "adult_flag": false,
      "runtime_minutes": 135,
      "collection_id": null
    },
    {
      "media_id": 518,
      "release_date": "2008-03-20",
      "budget": 0,
      "revenue": 23311391,
      "adult_flag": false,
      "runtime_minutes": 106,
      "collection_id": null
    },
    {
      "media_id": 519,
      "release_date": "2008-12-24",
      "budget": 80000000,
      "revenue": 212874442,
      "adult_flag": false,
      "runtime_minutes": 99,
      "collection_id": null
    },
    {
      "media_id": 520,
      "release_date": "1976-03-11",
      "budget": 0,
      "revenue": 0,
      "adult_flag": false,
      "runtime_minutes": 106,
      "collection_id": null
    },
    {
      "media_id": 521,
      "release_date": "2011-08-26",
      "budget": 10000000,
      "revenue": 17273593,
      "adult_flag": false,
      "runtime_minutes": 90,
      "collection_id": null
    },
    {
      "media_id": 522,
      "release_date": "2002-06-14",
      "budget": 0,
      "revenue": 0,
      "adult_flag": false,
      "runtime_minutes": 104,
      "collection_id": null
    },
    {
      "media_id": 523,
      "release_date": "2010-09-16",
      "budget": 10000000,
      "revenue": 17511906,
      "adult_flag": false,
      "runtime_minutes": 111,
      "collection_id": null
    },
    {
      "media_id": 524,
      "release_date": "2007-03-23",
      "budget": 20000000,
      "revenue": 22222308,
      "adult_flag": false,
      "runtime_minutes": 124,
      "collection_id": null
    },
    {
      "media_id": 525,
      "release_date": "2012-03-10",
      "budget": 2000000,
      "revenue": 0,
      "adult_flag": false,
      "runtime_minutes": 96,
      "collection_id": null
    },
    {
      "media_id": 526,
      "release_date": "2010-10-08",
      "budget": 2000000,
      "revenue": 7871522,
      "adult_flag": false,
      "runtime_minutes": 109,
      "collection_id": null
    },
    {
      "media_id": 527,
      "release_date": "2010-01-01",
      "budget": 13000000,
      "revenue": 0,
      "adult_flag": false,
      "runtime_minutes": 95,
      "collection_id": null
    },
    {
      "media_id": 528,
      "release_date": "2014-12-25",
      "budget": 22500000,
      "revenue": 15520023,
      "adult_flag": false,
      "runtime_minutes": 112,
      "collection_id": null
    },
    {
      "media_id": 529,
      "release_date": "2012-05-18",
      "budget": 0,
      "revenue": 0,
      "adult_flag": false,
      "runtime_minutes": 96,
      "collection_id": null
    },
    {
      "media_id": 530,
      "release_date": "2001-01-19",
      "budget": 1500000,
      "revenue": 416925,
      "adult_flag": false,
      "runtime_minutes": 98,
      "collection_id": null
    },
    {
      "media_id": 531,
      "release_date": "2008-10-30",
      "budget": 150000000,
      "revenue": 603900354,
      "adult_flag": false,
      "runtime_minutes": 89,
      "collection_id": null
    },
    {
      "media_id": 532,
      "release_date": "2014-08-01",
      "budget": 0,
      "revenue": 31911598,
      "adult_flag": false,
      "runtime_minutes": 139,
      "collection_id": null
    },
    {
      "media_id": 533,
      "release_date": "2014-12-30",
      "budget": 20000000,
      "revenue": 12007070,
      "adult_flag": false,
      "runtime_minutes": 125,
      "collection_id": null
    },
    {
      "media_id": 534,
      "release_date": "1986-08-08",
      "budget": 0,
      "revenue": 0,
      "adult_flag": false,
      "runtime_minutes": 84,
      "collection_id": null
    },
    {
      "media_id": 535,
      "release_date": "2008-10-29",
      "budget": 14000000,
      "revenue": 0,
      "adult_flag": false,
      "runtime_minutes": 106,
      "collection_id": null
    },
    {
      "media_id": 536,
      "release_date": "2015-07-23",
      "budget": 150000000,
      "revenue": 682330139,
      "adult_flag": false,
      "runtime_minutes": 131,
      "collection_id": null
    },
    {
      "media_id": 537,
      "release_date": "1995-10-06",
      "budget": 50000000,
      "revenue": 30303072,
      "adult_flag": false,
      "runtime_minutes": 132,
      "collection_id": null
    },
    {
      "media_id": 538,
      "release_date": "2010-03-22",
      "budget": 28000000,
      "revenue": 96188903,
      "adult_flag": false,
      "runtime_minutes": 117,
      "collection_id": null
    },
    {
      "media_id": 539,
      "release_date": "2006-08-30",
      "budget": 16800000,
      "revenue": 2281089,
      "adult_flag": false,
      "runtime_minutes": 122,
      "collection_id": null
    },
    {
      "media_id": 540,
      "release_date": "2012-10-18",
      "budget": 45000000,
      "revenue": 30353232,
      "adult_flag": false,
      "runtime_minutes": 101,
      "collection_id": null
    },
    {
      "media_id": 541,
      "release_date": "1982-11-10",
      "budget": 0,
      "revenue": 0,
      "adult_flag": false,
      "runtime_minutes": 87,
      "collection_id": null
    },
    {
      "media_id": 542,
      "release_date": "2000-07-13",
      "budget": 75000000,
      "revenue": 296339527,
      "adult_flag": false,
      "runtime_minutes": 104,
      "collection_id": null
    },
    {
      "media_id": 543,
      "release_date": "1999-09-10",
      "budget": 0,
      "revenue": 0,
      "adult_flag": false,
      "runtime_minutes": 94,
      "collection_id": null
    },
    {
      "media_id": 544,
      "release_date": "1999-03-05",
      "budget": 10500000,
      "revenue": 75902208,
      "adult_flag": false,
      "runtime_minutes": 97,
      "collection_id": null
    },
    {
      "media_id": 545,
      "release_date": "2016-01-07",
      "budget": 10000000,
      "revenue": 40055439,
      "adult_flag": false,
      "runtime_minutes": 95,
      "collection_id": null
    },
    {
      "media_id": 546,
      "release_date": "2002-03-29",
      "budget": 5000000,
      "revenue": 38275483,
      "adult_flag": false,
      "runtime_minutes": 92,
      "collection_id": null
    },
    {
      "media_id": 547,
      "release_date": "2010-12-25",
      "budget": 112000000,
      "revenue": 237382724,
      "adult_flag": false,
      "runtime_minutes": 85,
      "collection_id": null
    },
    {
      "media_id": 548,
      "release_date": "2006-09-14",
      "budget": 47000000,
      "revenue": 38085778,
      "adult_flag": false,
      "runtime_minutes": 75,
      "collection_id": null
    },
    {
      "media_id": 549,
      "release_date": "1998-09-11",
      "budget": 30000000,
      "revenue": 9898412,
      "adult_flag": false,
      "runtime_minutes": 100,
      "collection_id": null
    },
    {
      "media_id": 550,
      "release_date": "2009-04-28",
      "budget": 150000000,
      "revenue": 373062864,
      "adult_flag": false,
      "runtime_minutes": 107,
      "collection_id": null
    },
    {
      "media_id": 551,
      "release_date": "1979-12-13",
      "budget": 35000000,
      "revenue": 31755742,
      "adult_flag": false,
      "runtime_minutes": 113,
      "collection_id": null
    },
    {
      "media_id": 552,
      "release_date": "1997-09-26",
      "budget": 0,
      "revenue": 0,
      "adult_flag": false,
      "runtime_minutes": 114,
      "collection_id": null
    },
    {
      "media_id": 553,
      "release_date": "2008-07-10",
      "budget": 45000000,
      "revenue": 101702060,
      "adult_flag": false,
      "runtime_minutes": 93,
      "collection_id": null
    },
    {
      "media_id": 554,
      "release_date": "2007-11-16",
      "budget": 0,
      "revenue": 0,
      "adult_flag": false,
      "runtime_minutes": 102,
      "collection_id": null
    },
    {
      "media_id": 555,
      "release_date": "2012-01-06",
      "budget": 1000000,
      "revenue": 101758490,
      "adult_flag": false,
      "runtime_minutes": 83,
      "collection_id": null
    },
    {
      "media_id": 556,
      "release_date": "2012-01-26",
      "budget": 25000000,
      "revenue": 77278331,
      "adult_flag": false,
      "runtime_minutes": 117,
      "collection_id": null
    },
    {
      "media_id": 557,
      "release_date": "2004-04-30",
      "budget": 0,
      "revenue": 0,
      "adult_flag": false,
      "runtime_minutes": 120,
      "collection_id": null
    },
    {
      "media_id": 558,
      "release_date": "1986-05-30",
      "budget": 25000000,
      "revenue": 11000000,
      "adult_flag": false,
      "runtime_minutes": 99,
      "collection_id": null
    },
    {
      "media_id": 559,
      "release_date": "2004-01-13",
      "budget": 6500000,
      "revenue": 98410061,
      "adult_flag": false,
      "runtime_minutes": 112,
      "collection_id": null
    },
    {
      "media_id": 560,
      "release_date": "2006-02-03",
      "budget": 15000000,
      "revenue": 66966987,
      "adult_flag": false,
      "runtime_minutes": 87,
      "collection_id": null
    },
    {
      "media_id": 561,
      "release_date": "1995-11-10",
      "budget": 30000000,
      "revenue": 212385533,
      "adult_flag": false,
      "runtime_minutes": 90,
      "collection_id": null
    },
    {
      "media_id": 562,
      "release_date": "1985-12-18",
      "budget": 15000000,
      "revenue": 146292009,
      "adult_flag": false,
      "runtime_minutes": 154,
      "collection_id": null
    },
    {
      "media_id": 563,
      "release_date": "2008-11-14",
      "budget": 0,
      "revenue": 0,
      "adult_flag": false,
      "runtime_minutes": 90,
      "collection_id": null
    },
    {
      "media_id": 564,
      "release_date": "2007-06-08",
      "budget": 85000000,
      "revenue": 149044513,
      "adult_flag": false,
      "runtime_minutes": 85,
      "collection_id": null
    },
    {
      "media_id": 565,
      "release_date": "1994-04-22",
      "budget": 0,
      "revenue": 8880705,
      "adult_flag": false,
      "runtime_minutes": 110,
      "collection_id": null
    },
    {
      "media_id": 566,
      "release_date": "2002-01-12",
      "budget": 0,
      "revenue": 0,
      "adult_flag": false,
      "runtime_minutes": 101,
      "collection_id": null
    },
    {
      "media_id": 567,
      "release_date": "2000-05-01",
      "budget": 103000000,
      "revenue": 457640427,
      "adult_flag": false,
      "runtime_minutes": 155,
      "collection_id": null
    },
    {
      "media_id": 568,
      "release_date": "2005-06-02",
      "budget": 25000000,
      "revenue": 36351350,
      "adult_flag": false,
      "runtime_minutes": 105,
      "collection_id": null
    },
    {
      "media_id": 569,
      "release_date": "1981-12-25",
      "budget": 0,
      "revenue": 0,
      "adult_flag": false,
      "runtime_minutes": 89,
      "collection_id": null
    },
    {
      "media_id": 570,
      "release_date": "2009-05-14",
      "budget": 3000000,
      "revenue": 2357852,
      "adult_flag": false,
      "runtime_minutes": 123,
      "collection_id": null
    },
    {
      "media_id": 571,
      "release_date": "2003-01-17",
      "budget": 800000,
      "revenue": 62852,
      "adult_flag": false,
      "runtime_minutes": 94,
      "collection_id": null
    },
    {
      "media_id": 572,
      "release_date": "2002-02-04",
      "budget": 0,
      "revenue": 0,
      "adult_flag": false,
      "runtime_minutes": 94,
      "collection_id": null
    },
    {
      "media_id": 573,
      "release_date": "1997-01-09",
      "budget": 55000000,
      "revenue": 11466088,
      "adult_flag": false,
      "runtime_minutes": 100,
      "collection_id": null
    },
    {
      "media_id": 574,
      "release_date": "2012-09-28",
      "budget": 0,
      "revenue": 5310554,
      "adult_flag": false,
      "runtime_minutes": 121,
      "collection_id": null
    },
    {
      "media_id": 575,
      "release_date": "1994-10-14",
      "budget": 0,
      "revenue": 0,
      "adult_flag": false,
      "runtime_minutes": 98,
      "collection_id": null
    },
    {
      "media_id": 576,
      "release_date": "2005-01-28",
      "budget": 0,
      "revenue": 0,
      "adult_flag": false,
      "runtime_minutes": 80,
      "collection_id": null
    },
    {
      "media_id": 577,
      "release_date": "1930-11-15",
      "budget": 3950000,
      "revenue": 8000000,
      "adult_flag": false,
      "runtime_minutes": 127,
      "collection_id": null
    },
    {
      "media_id": 578,
      "release_date": "1997-09-09",
      "budget": 250000,
      "revenue": 501818,
      "adult_flag": false,
      "runtime_minutes": 90,
      "collection_id": null
    },
    {
      "media_id": 579,
      "release_date": "2003-07-11",
      "budget": 17000000,
      "revenue": 1569918,
      "adult_flag": false,
      "runtime_minutes": 98,
      "collection_id": null
    },
    {
      "media_id": 580,
      "release_date": "2013-12-25",
      "budget": 100000000,
      "revenue": 392000694,
      "adult_flag": false,
      "runtime_minutes": 180,
      "collection_id": null
    },
    {
      "media_id": 581,
      "release_date": "2011-09-08",
      "budget": 60000000,
      "revenue": 137551594,
      "adult_flag": false,
      "runtime_minutes": 106,
      "collection_id": null
    },
    {
      "media_id": 582,
      "release_date": "2009-02-10",
      "budget": 23000000,
      "revenue": 9366227,
      "adult_flag": false,
      "runtime_minutes": 86,
      "collection_id": null
    },
    {
      "media_id": 583,
      "release_date": "1999-09-10",
      "budget": 12000000,
      "revenue": 21133087,
      "adult_flag": false,
      "runtime_minutes": 99,
      "collection_id": null
    },
    {
      "media_id": 584,
      "release_date": "2004-07-23",
      "budget": 57000000,
      "revenue": 28283637,
      "adult_flag": false,
      "runtime_minutes": 95,
      "collection_id": null
    },
    {
      "media_id": 585,
      "release_date": "2012-10-11",
      "budget": 7000000,
      "revenue": 12400000,
      "adult_flag": false,
      "runtime_minutes": 76,
      "collection_id": null
    },
    {
      "media_id": 586,
      "release_date": "1992-05-22",
      "budget": 50000000,
      "revenue": 159773545,
      "adult_flag": false,
      "runtime_minutes": 114,
      "collection_id": null
    },
    {
      "media_id": 587,
      "release_date": "1989-12-22",
      "budget": 55000000,
      "revenue": 63408614,
      "adult_flag": false,
      "runtime_minutes": 104,
      "collection_id": null
    },
    {
      "media_id": 588,
      "release_date": "2005-03-11",
      "budget": 500000,
      "revenue": 0,
      "adult_flag": false,
      "runtime_minutes": 80,
      "collection_id": null
    },
    {
      "media_id": 589,
      "release_date": "2003-04-03",
      "budget": 0,
      "revenue": 0,
      "adult_flag": false,
      "runtime_minutes": 108,
      "collection_id": null
    },
    {
      "media_id": 590,
      "release_date": "1999-12-10",
      "budget": 17000000,
      "revenue": 65535067,
      "adult_flag": false,
      "runtime_minutes": 88,
      "collection_id": null
    },
    {
      "media_id": 591,
      "release_date": "2010-02-01",
      "budget": 0,
      "revenue": 0,
      "adult_flag": false,
      "runtime_minutes": 0,
      "collection_id": null
    },
    {
      "media_id": 592,
      "release_date": "1994-05-13",
      "budget": 0,
      "revenue": 0,
      "adult_flag": false,
      "runtime_minutes": 115,
      "collection_id": null
    },
    {
      "media_id": 593,
      "release_date": "1942-11-26",
      "budget": 878000,
      "revenue": 10462500,
      "adult_flag": false,
      "runtime_minutes": 102,
      "collection_id": null
    },
    {
      "media_id": 594,
      "release_date": "2002-07-12",
      "budget": 0,
      "revenue": 0,
      "adult_flag": false,
      "runtime_minutes": 98,
      "collection_id": null
    },
    {
      "media_id": 595,
      "release_date": "1997-04-25",
      "budget": 90000000,
      "revenue": 0,
      "adult_flag": false,
      "runtime_minutes": 104,
      "collection_id": null
    },
    {
      "media_id": 596,
      "release_date": "2006-01-24",
      "budget": 0,
      "revenue": 0,
      "adult_flag": false,
      "runtime_minutes": 88,
      "collection_id": null
    },
    {
      "media_id": 597,
      "release_date": "1998-06-19",
      "budget": 66000000,
      "revenue": 189198313,
      "adult_flag": false,
      "runtime_minutes": 121,
      "collection_id": null
    },
    {
      "media_id": 598,
      "release_date": "2016-01-14",
      "budget": 40000000,
      "revenue": 124827316,
      "adult_flag": false,
      "runtime_minutes": 102,
      "collection_id": null
    },
    {
      "media_id": 599,
      "release_date": "1996-10-03",
      "budget": 26000000,
      "revenue": 0,
      "adult_flag": false,
      "runtime_minutes": 101,
      "collection_id": null
    },
    {
      "media_id": 600,
      "release_date": "1994-11-10",
      "budget": 22000000,
      "revenue": 189833357,
      "adult_flag": false,
      "runtime_minutes": 97,
      "collection_id": null
    },
    {
      "media_id": 601,
      "release_date": "2013-04-05",
      "budget": 3000000,
      "revenue": 11176469,
      "adult_flag": false,
      "runtime_minutes": 108,
      "collection_id": null
    },
    {
      "media_id": 602,
      "release_date": "2005-09-09",
      "budget": 0,
      "revenue": 0,
      "adult_flag": false,
      "runtime_minutes": 103,
      "collection_id": null
    },
    {
      "media_id": 603,
      "release_date": "1989-12-15",
      "budget": 18000000,
      "revenue": 26828365,
      "adult_flag": false,
      "runtime_minutes": 122,
      "collection_id": null
    },
    {
      "media_id": 604,
      "release_date": "2007-03-27",
      "budget": 0,
      "revenue": 0,
      "adult_flag": false,
      "runtime_minutes": 128,
      "collection_id": null
    },
    {
      "media_id": 605,
      "release_date": "2010-05-01",
      "budget": 44000000,
      "revenue": 48190704,
      "adult_flag": false,
      "runtime_minutes": 99,
      "collection_id": null
    },
    {
      "media_id": 606,
      "release_date": "2014-02-13",
      "budget": 60000000,
      "revenue": 30800231,
      "adult_flag": false,
      "runtime_minutes": 118,
      "collection_id": null
    },
    {
      "media_id": 607,
      "release_date": "2001-09-07",
      "budget": 6000000,
      "revenue": 0,
      "adult_flag": false,
      "runtime_minutes": 90,
      "collection_id": null
    },
    {
      "media_id": 608,
      "release_date": "2010-05-23",
      "budget": 22000000,
      "revenue": 0,
      "adult_flag": false,
      "runtime_minutes": 98,
      "collection_id": null
    },
    {
      "media_id": 609,
      "release_date": "1992-12-25",
      "budget": 35000000,
      "revenue": 0,
      "adult_flag": false,
      "runtime_minutes": 140,
      "collection_id": null
    },
    {
      "media_id": 610,
      "release_date": "2016-06-01",
      "budget": 140000000,
      "revenue": 183345589,
      "adult_flag": false,
      "runtime_minutes": 120,
      "collection_id": null
    },
    {
      "media_id": 611,
      "release_date": "1999-12-10",
      "budget": 0,
      "revenue": 0,
      "adult_flag": false,
      "runtime_minutes": 132,
      "collection_id": null
    },
    {
      "media_id": 612,
      "release_date": "2013-06-20",
      "budget": 200000000,
      "revenue": 531865000,
      "adult_flag": false,
      "runtime_minutes": 116,
      "collection_id": null
    },
    {
      "media_id": 613,
      "release_date": "2006-10-20",
      "budget": 15000000,
      "revenue": 21000000,
      "adult_flag": false,
      "runtime_minutes": 95,
      "collection_id": null
    },
    {
      "media_id": 614,
      "release_date": "2015-11-06",
      "budget": 20000000,
      "revenue": 88346473,
      "adult_flag": false,
      "runtime_minutes": 128,
      "collection_id": null
    },
    {
      "media_id": 615,
      "release_date": "2011-04-02",
      "budget": 6000000,
      "revenue": 0,
      "adult_flag": false,
      "runtime_minutes": 90,
      "collection_id": null
    },
    {
      "media_id": 616,
      "release_date": "2008-09-05",
      "budget": 37000000,
      "revenue": 163720069,
      "adult_flag": false,
      "runtime_minutes": 96,
      "collection_id": null
    },
    {
      "media_id": 617,
      "release_date": "1996-04-04",
      "budget": 0,
      "revenue": 0,
      "adult_flag": false,
      "runtime_minutes": 108,
      "collection_id": null
    },
    {
      "media_id": 618,
      "release_date": "2002-09-13",
      "budget": 9000000,
      "revenue": 4777465,
      "adult_flag": false,
      "runtime_minutes": 97,
      "collection_id": null
    },
    {
      "media_id": 619,
      "release_date": "2012-09-07",
      "budget": 15000000,
      "revenue": 19422261,
      "adult_flag": false,
      "runtime_minutes": 110,
      "collection_id": null
    },
    {
      "media_id": 620,
      "release_date": "2012-07-26",
      "budget": 33000000,
      "revenue": 140470746,
      "adult_flag": false,
      "runtime_minutes": 99,
      "collection_id": null
    },
    {
      "media_id": 621,
      "release_date": "1996-02-23",
      "budget": 4000000,
      "revenue": 16491080,
      "adult_flag": false,
      "runtime_minutes": 93,
      "collection_id": null
    },
    {
      "media_id": 622,
      "release_date": "1970-05-01",
      "budget": 3000000,
      "revenue": 18999718,
      "adult_flag": false,
      "runtime_minutes": 95,
      "collection_id": null
    },
    {
      "media_id": 623,
      "release_date": "2008-11-27",
      "budget": 20000000,
      "revenue": 50907234,
      "adult_flag": false,
      "runtime_minutes": 104,
      "collection_id": null
    },
    {
      "media_id": 624,
      "release_date": "2014-10-02",
      "budget": 6500000,
      "revenue": 255273813,
      "adult_flag": false,
      "runtime_minutes": 99,
      "collection_id": null
    },
    {
      "media_id": 625,
      "release_date": "2010-05-18",
      "budget": 4000000,
      "revenue": 41424067,
      "adult_flag": false,
      "runtime_minutes": 120,
      "collection_id": null
    },
    {
      "media_id": 626,
      "release_date": "2014-12-23",
      "budget": 5000000,
      "revenue": 0,
      "adult_flag": false,
      "runtime_minutes": 81,
      "collection_id": null
    },
    {
      "media_id": 627,
      "release_date": "2009-07-29",
      "budget": 0,
      "revenue": 0,
      "adult_flag": false,
      "runtime_minutes": 84,
      "collection_id": null
    },
    {
      "media_id": 628,
      "release_date": "2014-12-25",
      "budget": 65000000,
      "revenue": 163442937,
      "adult_flag": false,
      "runtime_minutes": 137,
      "collection_id": null
    },
    {
      "media_id": 629,
      "release_date": "2012-03-02",
      "budget": 0,
      "revenue": 0,
      "adult_flag": false,
      "runtime_minutes": 94,
      "collection_id": null
    },
    {
      "media_id": 630,
      "release_date": "2012-02-24",
      "budget": 500000,
      "revenue": 845188,
      "adult_flag": false,
      "runtime_minutes": 93,
      "collection_id": null
    },
    {
      "media_id": 631,
      "release_date": "2007-08-29",
      "budget": 30000000,
      "revenue": 129266061,
      "adult_flag": false,
      "runtime_minutes": 123,
      "collection_id": null
    },
    {
      "media_id": 632,
      "release_date": "2006-02-24",
      "budget": 0,
      "revenue": 0,
      "adult_flag": false,
      "runtime_minutes": 85,
      "collection_id": null
    },
    {
      "media_id": 633,
      "release_date": "2009-09-30",
      "budget": 10000000,
      "revenue": 0,
      "adult_flag": false,
      "runtime_minutes": 89,
      "collection_id": null
    },
    {
      "media_id": 634,
      "release_date": "2006-04-27",
      "budget": 0,
      "revenue": 0,
      "adult_flag": false,
      "runtime_minutes": 83,
      "collection_id": null
    },
    {
      "media_id": 635,
      "release_date": "2005-10-21",
      "budget": 0,
      "revenue": 0,
      "adult_flag": false,
      "runtime_minutes": 91,
      "collection_id": null
    },
    {
      "media_id": 636,
      "release_date": "2006-01-01",
      "budget": 1000000,
      "revenue": 0,
      "adult_flag": false,
      "runtime_minutes": 97,
      "collection_id": null
    },
    {
      "media_id": 637,
      "release_date": "2004-07-10",
      "budget": 19000000,
      "revenue": 70067909,
      "adult_flag": false,
      "runtime_minutes": 95,
      "collection_id": null
    },
    {
      "media_id": 638,
      "release_date": "2006-09-05",
      "budget": 0,
      "revenue": 0,
      "adult_flag": false,
      "runtime_minutes": 120,
      "collection_id": null
    },
    {
      "media_id": 639,
      "release_date": "1999-07-28",
      "budget": 60000000,
      "revenue": 73648228,
      "adult_flag": false,
      "runtime_minutes": 105,
      "collection_id": null
    },
    {
      "media_id": 640,
      "release_date": "2000-02-03",
      "budget": 40000000,
      "revenue": 161834276,
      "adult_flag": false,
      "runtime_minutes": 116,
      "collection_id": null
    },
    {
      "media_id": 641,
      "release_date": "1998-10-16",
      "budget": 25000000,
      "revenue": 50671850,
      "adult_flag": false,
      "runtime_minutes": 89,
      "collection_id": null
    },
    {
      "media_id": 642,
      "release_date": "2003-05-21",
      "budget": 8000000,
      "revenue": 3432342,
      "adult_flag": false,
      "runtime_minutes": 99,
      "collection_id": null
    },
    {
      "media_id": 643,
      "release_date": "2000-05-26",
      "budget": 55000000,
      "revenue": 56932305,
      "adult_flag": false,
      "runtime_minutes": 110,
      "collection_id": null
    },
    {
      "media_id": 644,
      "release_date": "2006-10-05",
      "budget": 90000000,
      "revenue": 289847354,
      "adult_flag": false,
      "runtime_minutes": 151,
      "collection_id": null
    },
    {
      "media_id": 645,
      "release_date": "2002-07-01",
      "budget": 13000000,
      "revenue": 37664855,
      "adult_flag": false,
      "runtime_minutes": 94,
      "collection_id": null
    },
    {
      "media_id": 646,
      "release_date": "1978-12-08",
      "budget": 15000000,
      "revenue": 50000000,
      "adult_flag": false,
      "runtime_minutes": 183,
      "collection_id": null
    },
    {
      "media_id": 647,
      "release_date": "2005-01-19",
      "budget": 30000000,
      "revenue": 35294470,
      "adult_flag": false,
      "runtime_minutes": 109,
      "collection_id": null
    },
    {
      "media_id": 648,
      "release_date": "2013-01-17",
      "budget": 15000000,
      "revenue": 146497771,
      "adult_flag": false,
      "runtime_minutes": 100,
      "collection_id": null
    },
    {
      "media_id": 649,
      "release_date": "2015-12-03",
      "budget": 105000000,
      "revenue": 133718711,
      "adult_flag": false,
      "runtime_minutes": 114,
      "collection_id": null
    },
    {
      "media_id": 650,
      "release_date": "2005-03-17",
      "budget": 25000000,
      "revenue": 27645491,
      "adult_flag": false,
      "runtime_minutes": 98,
      "collection_id": null
    },
    {
      "media_id": 651,
      "release_date": "2012-05-02",
      "budget": 1000000,
      "revenue": 9138338,
      "adult_flag": false,
      "runtime_minutes": 98,
      "collection_id": null
    },
    {
      "media_id": 652,
      "release_date": "2015-09-17",
      "budget": 2000000,
      "revenue": 2801508,
      "adult_flag": false,
      "runtime_minutes": 97,
      "collection_id": null
    },
    {
      "media_id": 653,
      "release_date": "1984-08-31",
      "budget": 1250000,
      "revenue": 3412497,
      "adult_flag": false,
      "runtime_minutes": 88,
      "collection_id": null
    },
    {
      "media_id": 654,
      "release_date": "2014-01-18",
      "budget": 0,
      "revenue": 5284309,
      "adult_flag": false,
      "runtime_minutes": 90,
      "collection_id": null
    },
    {
      "media_id": 655,
      "release_date": "2006-01-10",
      "budget": 6000000,
      "revenue": 0,
      "adult_flag": false,
      "runtime_minutes": 97,
      "collection_id": null
    },
    {
      "media_id": 656,
      "release_date": "2016-05-03",
      "budget": 0,
      "revenue": 0,
      "adult_flag": false,
      "runtime_minutes": 90,
      "collection_id": null
    },
    {
      "media_id": 657,
      "release_date": "2014-11-26",
      "budget": 42000000,
      "revenue": 107670357,
      "adult_flag": false,
      "runtime_minutes": 108,
      "collection_id": null
    },
    {
      "media_id": 658,
      "release_date": "2014-12-10",
      "budget": 250000000,
      "revenue": 956019788,
      "adult_flag": false,
      "runtime_minutes": 144,
      "collection_id": null
    },
    {
      "media_id": 659,
      "release_date": "2012-08-27",
      "budget": 0,
      "revenue": 0,
      "adult_flag": false,
      "runtime_minutes": 90,
      "collection_id": null
    },
    {
      "media_id": 660,
      "release_date": "1994-07-20",
      "budget": 45000000,
      "revenue": 117615211,
      "adult_flag": false,
      "runtime_minutes": 119,
      "collection_id": null
    },
    {
      "media_id": 661,
      "release_date": "2002-12-27",
      "budget": 25000000,
      "revenue": 41597830,
      "adult_flag": false,
      "runtime_minutes": 114,
      "collection_id": null
    },
    {
      "media_id": 662,
      "release_date": "1963-06-20",
      "budget": 4000000,
      "revenue": 11744471,
      "adult_flag": false,
      "runtime_minutes": 172,
      "collection_id": null
    },
    {
      "media_id": 663,
      "release_date": "2003-12-12",
      "budget": 80000000,
      "revenue": 266728738,
      "adult_flag": false,
      "runtime_minutes": 128,
      "collection_id": null
    },
    {
      "media_id": 664,
      "release_date": "2015-12-12",
      "budget": 2,
      "revenue": 0,
      "adult_flag": false,
      "runtime_minutes": null,
      "collection_id": null
    },
    {
      "media_id": 665,
      "release_date": "1987-11-05",
      "budget": 0,
      "revenue": 0,
      "adult_flag": false,
      "runtime_minutes": 157,
      "collection_id": null
    },
    {
      "media_id": 666,
      "release_date": "2014-09-06",
      "budget": 9000000,
      "revenue": 21571189,
      "adult_flag": false,
      "runtime_minutes": 121,
      "collection_id": null
    },
    {
      "media_id": 667,
      "release_date": "2009-02-28",
      "budget": 0,
      "revenue": 0,
      "adult_flag": false,
      "runtime_minutes": 102,
      "collection_id": null
    },
    {
      "media_id": 668,
      "release_date": "2012-06-08",
      "budget": 750000,
      "revenue": 4007792,
      "adult_flag": false,
      "runtime_minutes": 85,
      "collection_id": null
    },
    {
      "media_id": 669,
      "release_date": "2002-07-12",
      "budget": 60000000,
      "revenue": 43061982,
      "adult_flag": false,
      "runtime_minutes": 101,
      "collection_id": null
    },
    {
      "media_id": 670,
      "release_date": "2014-08-27",
      "budget": 15000000,
      "revenue": 32556119,
      "adult_flag": false,
      "runtime_minutes": 108,
      "collection_id": null
    },
    {
      "media_id": 671,
      "release_date": "1937-09-03",
      "budget": 0,
      "revenue": 0,
      "adult_flag": false,
      "runtime_minutes": 101,
      "collection_id": null
    },
    {
      "media_id": 672,
      "release_date": "2006-08-11",
      "budget": 38000000,
      "revenue": 29907685,
      "adult_flag": false,
      "runtime_minutes": 90,
      "collection_id": null
    },
    {
      "media_id": 673,
      "release_date": "2010-08-20",
      "budget": 0,
      "revenue": 0,
      "adult_flag": false,
      "runtime_minutes": 99,
      "collection_id": null
    },
    {
      "media_id": 674,
      "release_date": "2011-03-08",
      "budget": 70000000,
      "revenue": 202466756,
      "adult_flag": false,
      "runtime_minutes": 116,
      "collection_id": null
    },
    {
      "media_id": 675,
      "release_date": "2003-04-24",
      "budget": 110000000,
      "revenue": 407711549,
      "adult_flag": false,
      "runtime_minutes": 133,
      "collection_id": null
    },
    {
      "media_id": 676,
      "release_date": "1998-04-23",
      "budget": 6000000,
      "revenue": 58000000,
      "adult_flag": false,
      "runtime_minutes": 99,
      "collection_id": null
    },
    {
      "media_id": 677,
      "release_date": "2010-12-01",
      "budget": 12000000,
      "revenue": 11212294,
      "adult_flag": false,
      "runtime_minutes": 131,
      "collection_id": null
    },
    {
      "media_id": 678,
      "release_date": "2005-09-12",
      "budget": 3000000,
      "revenue": 11718595,
      "adult_flag": false,
      "runtime_minutes": 100,
      "collection_id": null
    },
    {
      "media_id": 679,
      "release_date": "2002-03-28",
      "budget": 55000000,
      "revenue": 0,
      "adult_flag": false,
      "runtime_minutes": 109,
      "collection_id": null
    },
    {
      "media_id": 680,
      "release_date": "2016-07-14",
      "budget": 17000000,
      "revenue": 0,
      "adult_flag": false,
      "runtime_minutes": 90,
      "collection_id": null
    },
    {
      "media_id": 681,
      "release_date": "2002-01-25",
      "budget": 32000000,
      "revenue": 55157539,
      "adult_flag": false,
      "runtime_minutes": 119,
      "collection_id": null
    },
    {
      "media_id": 682,
      "release_date": "2010-09-03",
      "budget": 8000000,
      "revenue": 0,
      "adult_flag": false,
      "runtime_minutes": 98,
      "collection_id": null
    },
    {
      "media_id": 683,
      "release_date": "2004-05-18",
      "budget": 0,
      "revenue": 0,
      "adult_flag": false,
      "runtime_minutes": 105,
      "collection_id": null
    },
    {
      "media_id": 684,
      "release_date": "2004-08-20",
      "budget": 80000000,
      "revenue": 78000586,
      "adult_flag": false,
      "runtime_minutes": 114,
      "collection_id": null
    },
    {
      "media_id": 685,
      "release_date": "1996-11-21",
      "budget": 46000000,
      "revenue": 150000000,
      "adult_flag": false,
      "runtime_minutes": 111,
      "collection_id": null
    },
    {
      "media_id": 686,
      "release_date": "1979-01-25",
      "budget": 6000000,
      "revenue": 0,
      "adult_flag": false,
      "runtime_minutes": 110,
      "collection_id": null
    },
    {
      "media_id": 687,
      "release_date": "2011-08-11",
      "budget": 28000000,
      "revenue": 40547440,
      "adult_flag": false,
      "runtime_minutes": 83,
      "collection_id": null
    },
    {
      "media_id": 688,
      "release_date": "2005-01-13",
      "budget": 43000000,
      "revenue": 56681566,
      "adult_flag": false,
      "runtime_minutes": 97,
      "collection_id": null
    },
    {
      "media_id": 689,
      "release_date": "2002-03-01",
      "budget": 17000000,
      "revenue": 0,
      "adult_flag": false,
      "runtime_minutes": 94,
      "collection_id": null
    },
    {
      "media_id": 690,
      "release_date": "2007-04-05",
      "budget": 40000000,
      "revenue": 62771059,
      "adult_flag": false,
      "runtime_minutes": 99,
      "collection_id": null
    },
    {
      "media_id": 691,
      "release_date": "1964-12-04",
      "budget": 120000,
      "revenue": 0,
      "adult_flag": false,
      "runtime_minutes": 95,
      "collection_id": null
    },
    {
      "media_id": 692,
      "release_date": "2003-01-17",
      "budget": 0,
      "revenue": 0,
      "adult_flag": false,
      "runtime_minutes": 89,
      "collection_id": null
    },
    {
      "media_id": 693,
      "release_date": "1994-07-29",
      "budget": 23000000,
      "revenue": 351583407,
      "adult_flag": false,
      "runtime_minutes": 101,
      "collection_id": null
    },
    {
      "media_id": 694,
      "release_date": "2002-01-14",
      "budget": 6500000,
      "revenue": 12633747,
      "adult_flag": false,
      "runtime_minutes": 105,
      "collection_id": null
    },
    {
      "media_id": 695,
      "release_date": "1971-11-03",
      "budget": 9000000,
      "revenue": 83304330,
      "adult_flag": false,
      "runtime_minutes": 181,
      "collection_id": null
    },
    {
      "media_id": 696,
      "release_date": "2007-02-02",
      "budget": 0,
      "revenue": 0,
      "adult_flag": false,
      "runtime_minutes": 116,
      "collection_id": null
    },
    {
      "media_id": 697,
      "release_date": "2012-06-14",
      "budget": 70000000,
      "revenue": 58058367,
      "adult_flag": false,
      "runtime_minutes": 116,
      "collection_id": null
    },
    {
      "media_id": 698,
      "release_date": "1978-10-25",
      "budget": 300000,
      "revenue": 70000000,
      "adult_flag": false,
      "runtime_minutes": 91,
      "collection_id": null
    },
    {
      "media_id": 699,
      "release_date": "2009-09-03",
      "budget": 50000000,
      "revenue": 40828540,
      "adult_flag": false,
      "runtime_minutes": 95,
      "collection_id": null
    },
    {
      "media_id": 700,
      "release_date": "2003-08-15",
      "budget": 0,
      "revenue": 6003587,
      "adult_flag": false,
      "runtime_minutes": 101,
      "collection_id": null
    },
    {
      "media_id": 701,
      "release_date": "2012-10-25",
      "budget": 0,
      "revenue": 0,
      "adult_flag": false,
      "runtime_minutes": 117,
      "collection_id": null
    },
    {
      "media_id": 702,
      "release_date": "2000-03-15",
      "budget": 120000000,
      "revenue": 325756637,
      "adult_flag": false,
      "runtime_minutes": 130,
      "collection_id": null
    },
    {
      "media_id": 703,
      "release_date": "2015-01-24",
      "budget": 0,
      "revenue": 0,
      "adult_flag": false,
      "runtime_minutes": 84,
      "collection_id": null
    },
    {
      "media_id": 704,
      "release_date": "2003-06-11",
      "budget": 8000000,
      "revenue": 1477676,
      "adult_flag": false,
      "runtime_minutes": 80,
      "collection_id": null
    },
    {
      "media_id": 705,
      "release_date": "2014-10-01",
      "budget": 61000000,
      "revenue": 369330363,
      "adult_flag": false,
      "runtime_minutes": 145,
      "collection_id": null
    },
    {
      "media_id": 706,
      "release_date": "1969-12-18",
      "budget": 4000000,
      "revenue": 6000000,
      "adult_flag": false,
      "runtime_minutes": 143,
      "collection_id": null
    },
    {
      "media_id": 707,
      "release_date": "2012-01-19",
      "budget": 58000000,
      "revenue": 50365377,
      "adult_flag": false,
      "runtime_minutes": 125,
      "collection_id": null
    },
    {
      "media_id": 708,
      "release_date": "1998-07-15",
      "budget": 23000000,
      "revenue": 369884651,
      "adult_flag": false,
      "runtime_minutes": 119,
      "collection_id": null
    },
    {
      "media_id": 709,
      "release_date": "2016-04-01",
      "budget": 5000000,
      "revenue": 23507567,
      "adult_flag": false,
      "runtime_minutes": 121,
      "collection_id": null
    },
    {
      "media_id": 710,
      "release_date": "1995-09-22",
      "budget": 33000000,
      "revenue": 327311859,
      "adult_flag": false,
      "runtime_minutes": 127,
      "collection_id": null
    },
    {
      "media_id": 711,
      "release_date": "1996-11-15",
      "budget": 42000000,
      "revenue": 0,
      "adult_flag": false,
      "runtime_minutes": 126,
      "collection_id": null
    },
    {
      "media_id": 712,
      "release_date": "2008-08-22",
      "budget": 0,
      "revenue": 0,
      "adult_flag": false,
      "runtime_minutes": 94,
      "collection_id": null
    },
    {
      "media_id": 713,
      "release_date": "2010-10-28",
      "budget": 130000000,
      "revenue": 321887208,
      "adult_flag": false,
      "runtime_minutes": 95,
      "collection_id": null
    },
    {
      "media_id": 714,
      "release_date": "2014-10-31",
      "budget": 1,
      "revenue": 0,
      "adult_flag": false,
      "runtime_minutes": 95,
      "collection_id": null
    },
    {
      "media_id": 715,
      "release_date": "2002-10-31",
      "budget": 5000000,
      "revenue": 82719885,
      "adult_flag": false,
      "runtime_minutes": 113,
      "collection_id": null
    },
    {
      "media_id": 716,
      "release_date": "2012-07-06",
      "budget": 45000000,
      "revenue": 82966152,
      "adult_flag": false,
      "runtime_minutes": 131,
      "collection_id": null
    },
    {
      "media_id": 717,
      "release_date": "2002-01-12",
      "budget": 8000000,
      "revenue": 16856124,
      "adult_flag": false,
      "runtime_minutes": 93,
      "collection_id": null
    },
    {
      "media_id": 718,
      "release_date": "1993-02-04",
      "budget": 0,
      "revenue": 0,
      "adult_flag": false,
      "runtime_minutes": 84,
      "collection_id": null
    },
    {
      "media_id": 719,
      "release_date": "1999-04-23",
      "budget": 33000000,
      "revenue": 0,
      "adult_flag": false,
      "runtime_minutes": 124,
      "collection_id": null
    },
    {
      "media_id": 720,
      "release_date": "2015-10-15",
      "budget": 40000000,
      "revenue": 165478348,
      "adult_flag": false,
      "runtime_minutes": 141,
      "collection_id": null
    },
    {
      "media_id": 721,
      "release_date": "2008-04-30",
      "budget": 140000000,
      "revenue": 585174222,
      "adult_flag": false,
      "runtime_minutes": 126,
      "collection_id": null
    },
    {
      "media_id": 722,
      "release_date": "2002-08-09",
      "budget": 70000000,
      "revenue": 277448382,
      "adult_flag": false,
      "runtime_minutes": 124,
      "collection_id": null
    },
    {
      "media_id": 723,
      "release_date": "2005-09-13",
      "budget": 0,
      "revenue": 2945242,
      "adult_flag": false,
      "runtime_minutes": 105,
      "collection_id": null
    },
    {
      "media_id": 724,
      "release_date": "2010-07-14",
      "budget": 160000000,
      "revenue": 825532764,
      "adult_flag": false,
      "runtime_minutes": 148,
      "collection_id": null
    },
    {
      "media_id": 725,
      "release_date": "1999-08-06",
      "budget": 70000000,
      "revenue": 23159305,
      "adult_flag": false,
      "runtime_minutes": 86,
      "collection_id": null
    },
    {
      "media_id": 726,
      "release_date": "2006-05-03",
      "budget": 150000000,
      "revenue": 397850012,
      "adult_flag": false,
      "runtime_minutes": 126,
      "collection_id": null
    },
    {
      "media_id": 727,
      "release_date": "2009-04-24",
      "budget": 60000000,
      "revenue": 31720158,
      "adult_flag": false,
      "runtime_minutes": 109,
      "collection_id": null
    },
    {
      "media_id": 728,
      "release_date": "1974-04-07",
      "budget": 1600000,
      "revenue": 4420000,
      "adult_flag": false,
      "runtime_minutes": 113,
      "collection_id": null
    },
    {
      "media_id": 729,
      "release_date": "2008-08-01",
      "budget": 21000000,
      "revenue": 17600000,
      "adult_flag": false,
      "runtime_minutes": 120,
      "collection_id": null
    },
    {
      "media_id": 730,
      "release_date": "2009-03-15",
      "budget": 30000000,
      "revenue": 90810892,
      "adult_flag": false,
      "runtime_minutes": 99,
      "collection_id": null
    },
    {
      "media_id": 731,
      "release_date": "2000-09-19",
      "budget": 0,
      "revenue": 0,
      "adult_flag": false,
      "runtime_minutes": 90,
      "collection_id": null
    },
    {
      "media_id": 732,
      "release_date": "1992-05-15",
      "budget": 35000000,
      "revenue": 321731527,
      "adult_flag": false,
      "runtime_minutes": 118,
      "collection_id": null
    },
    {
      "media_id": 733,
      "release_date": "2012-09-08",
      "budget": 11000000,
      "revenue": 59520298,
      "adult_flag": false,
      "runtime_minutes": 98,
      "collection_id": null
    },
    {
      "media_id": 734,
      "release_date": "1998-04-22",
      "budget": 0,
      "revenue": 0,
      "adult_flag": false,
      "runtime_minutes": 117,
      "collection_id": null
    },
    {
      "media_id": 735,
      "release_date": "2012-02-23",
      "budget": 0,
      "revenue": 0,
      "adult_flag": false,
      "runtime_minutes": 111,
      "collection_id": null
    },
    {
      "media_id": 736,
      "release_date": "1990-08-09",
      "budget": 26000000,
      "revenue": 61489265,
      "adult_flag": false,
      "runtime_minutes": 115,
      "collection_id": null
    },
    {
      "media_id": 737,
      "release_date": "2008-10-02",
      "budget": 27000000,
      "revenue": 17286299,
      "adult_flag": false,
      "runtime_minutes": 110,
      "collection_id": null
    },
    {
      "media_id": 738,
      "release_date": "2002-06-07",
      "budget": 70000000,
      "revenue": 65977295,
      "adult_flag": false,
      "runtime_minutes": 116,
      "collection_id": null
    },
    {
      "media_id": 739,
      "release_date": "1999-04-29",
      "budget": 66000000,
      "revenue": 212404396,
      "adult_flag": false,
      "runtime_minutes": 112,
      "collection_id": null
    },
    {
      "media_id": 740,
      "release_date": "1997-11-26",
      "budget": 80000000,
      "revenue": 177977226,
      "adult_flag": false,
      "runtime_minutes": 93,
      "collection_id": null
    },
    {
      "media_id": 741,
      "release_date": "2005-03-04",
      "budget": 29000000,
      "revenue": 21126225,
      "adult_flag": false,
      "runtime_minutes": 103,
      "collection_id": null
    },
    {
      "media_id": 742,
      "release_date": "2003-04-18",
      "budget": 20000000,
      "revenue": 0,
      "adult_flag": false,
      "runtime_minutes": 117,
      "collection_id": null
    },
    {
      "media_id": 743,
      "release_date": "2007-02-23",
      "budget": 10000000,
      "revenue": 20342161,
      "adult_flag": false,
      "runtime_minutes": 84,
      "collection_id": null
    },
    {
      "media_id": 744,
      "release_date": "2005-03-04",
      "budget": 56000000,
      "revenue": 113006880,
      "adult_flag": false,
      "runtime_minutes": 95,
      "collection_id": null
    },
    {
      "media_id": 745,
      "release_date": "2008-05-07",
      "budget": 12500000,
      "revenue": 20416563,
      "adult_flag": false,
      "runtime_minutes": 94,
      "collection_id": null
    },
    {
      "media_id": 746,
      "release_date": "1999-08-27",
      "budget": 0,
      "revenue": 0,
      "adult_flag": false,
      "runtime_minutes": 96,
      "collection_id": null
    },
    {
      "media_id": 747,
      "release_date": "2016-06-08",
      "budget": 7000000,
      "revenue": 1333124,
      "adult_flag": false,
      "runtime_minutes": 117,
      "collection_id": null
    },
    {
      "media_id": 748,
      "release_date": "2002-07-03",
      "budget": 140000000,
      "revenue": 441818803,
      "adult_flag": false,
      "runtime_minutes": 88,
      "collection_id": null
    },
    {
      "media_id": 749,
      "release_date": "1999-06-06",
      "budget": 0,
      "revenue": 0,
      "adult_flag": false,
      "runtime_minutes": 90,
      "collection_id": null
    },
    {
      "media_id": 750,
      "release_date": "2013-02-07",
      "budget": 28000000,
      "revenue": 97594140,
      "adult_flag": false,
      "runtime_minutes": 115,
      "collection_id": null
    },
    {
      "media_id": 751,
      "release_date": "1975-04-27",
      "budget": 300000,
      "revenue": 8000000,
      "adult_flag": false,
      "runtime_minutes": 80,
      "collection_id": null
    },
    {
      "media_id": 752,
      "release_date": "2012-10-04",
      "budget": 39000000,
      "revenue": 35287788,
      "adult_flag": false,
      "runtime_minutes": 87,
      "collection_id": null
    },
    {
      "media_id": 753,
      "release_date": "2015-07-10",
      "budget": 26000000,
      "revenue": 30523226,
      "adult_flag": false,
      "runtime_minutes": 116,
      "collection_id": null
    },
    {
      "media_id": 754,
      "release_date": "1998-06-12",
      "budget": 70000000,
      "revenue": 164000000,
      "adult_flag": false,
      "runtime_minutes": 98,
      "collection_id": null
    },
    {
      "media_id": 755,
      "release_date": "2004-07-02",
      "budget": 0,
      "revenue": 0,
      "adult_flag": false,
      "runtime_minutes": 87,
      "collection_id": null
    },
    {
      "media_id": 756,
      "release_date": "2004-07-09",
      "budget": 0,
      "revenue": 0,
      "adult_flag": false,
      "runtime_minutes": 89,
      "collection_id": null
    },
    {
      "media_id": 757,
      "release_date": "2006-10-06",
      "budget": 12000000,
      "revenue": 38368909,
      "adult_flag": false,
      "runtime_minutes": 103,
      "collection_id": null
    },
    {
      "media_id": 758,
      "release_date": "1995-08-18",
      "budget": 18000000,
      "revenue": 122195920,
      "adult_flag": false,
      "runtime_minutes": 101,
      "collection_id": null
    },
    {
      "media_id": 759,
      "release_date": "2009-01-17",
      "budget": 6000000,
      "revenue": 0,
      "adult_flag": false,
      "runtime_minutes": 99,
      "collection_id": null
    },
    {
      "media_id": 760,
      "release_date": "2013-09-27",
      "budget": 105000000,
      "revenue": 716392705,
      "adult_flag": false,
      "runtime_minutes": 91,
      "collection_id": null
    },
    {
      "media_id": 761,
      "release_date": "2007-07-20",
      "budget": 0,
      "revenue": 0,
      "adult_flag": false,
      "runtime_minutes": 103,
      "collection_id": null
    },
    {
      "media_id": 762,
      "release_date": "2008-05-07",
      "budget": 35000000,
      "revenue": 170000000,
      "adult_flag": false,
      "runtime_minutes": 99,
      "collection_id": null
    },
    {
      "media_id": 763,
      "release_date": "2013-05-31",
      "budget": 6500000,
      "revenue": 2401510,
      "adult_flag": false,
      "runtime_minutes": 116,
      "collection_id": null
    },
    {
      "media_id": 764,
      "release_date": "2014-02-12",
      "budget": 20000000,
      "revenue": 34077920,
      "adult_flag": false,
      "runtime_minutes": 103,
      "collection_id": null
    },
    {
      "media_id": 765,
      "release_date": "1997-07-31",
      "budget": 40000000,
      "revenue": 87840042,
      "adult_flag": false,
      "runtime_minutes": 96,
      "collection_id": null
    },
    {
      "media_id": 766,
      "release_date": "2015-07-17",
      "budget": 35000000,
      "revenue": 140795793,
      "adult_flag": false,
      "runtime_minutes": 125,
      "collection_id": null
    },
    {
      "media_id": 767,
      "release_date": "1987-03-20",
      "budget": 0,
      "revenue": 0,
      "adult_flag": false,
      "runtime_minutes": 78,
      "collection_id": null
    },
    {
      "media_id": 768,
      "release_date": "1980-10-02",
      "budget": 5000000,
      "revenue": 26010864,
      "adult_flag": false,
      "runtime_minutes": 124,
      "collection_id": null
    },
    {
      "media_id": 769,
      "release_date": "2008-04-10",
      "budget": 20000000,
      "revenue": 65569869,
      "adult_flag": false,
      "runtime_minutes": 109,
      "collection_id": null
    },
    {
      "media_id": 770,
      "release_date": "2010-09-10",
      "budget": 2000000,
      "revenue": 563706,
      "adult_flag": false,
      "runtime_minutes": 120,
      "collection_id": null
    },
    {
      "media_id": 771,
      "release_date": "2003-01-01",
      "budget": 0,
      "revenue": 0,
      "adult_flag": false,
      "runtime_minutes": 103,
      "collection_id": null
    },
    {
      "media_id": 772,
      "release_date": "1984-05-23",
      "budget": 28000000,
      "revenue": 333000000,
      "adult_flag": false,
      "runtime_minutes": 118,
      "collection_id": null
    },
    {
      "media_id": 773,
      "release_date": "2001-03-13",
      "budget": 50000000,
      "revenue": 79958599,
      "adult_flag": false,
      "runtime_minutes": 101,
      "collection_id": null
    },
    {
      "media_id": 774,
      "release_date": "2010-10-15",
      "budget": 0,
      "revenue": 2592808,
      "adult_flag": false,
      "runtime_minutes": 0,
      "collection_id": null
    },
    {
      "media_id": 775,
      "release_date": "2010-03-13",
      "budget": 0,
      "revenue": 0,
      "adult_flag": false,
      "runtime_minutes": 95,
      "collection_id": null
    },
    {
      "media_id": 776,
      "release_date": "2001-12-11",
      "budget": 0,
      "revenue": 0,
      "adult_flag": false,
      "runtime_minutes": 140,
      "collection_id": null
    },
    {
      "media_id": 777,
      "release_date": "2012-04-13",
      "budget": 30000000,
      "revenue": 54819301,
      "adult_flag": false,
      "runtime_minutes": 92,
      "collection_id": null
    },
    {
      "media_id": 778,
      "release_date": "1992-09-04",
      "budget": 220000,
      "revenue": 2040920,
      "adult_flag": false,
      "runtime_minutes": 81,
      "collection_id": null
    },
    {
      "media_id": 779,
      "release_date": "2001-09-01",
      "budget": 0,
      "revenue": 0,
      "adult_flag": false,
      "runtime_minutes": 103,
      "collection_id": null
    },
    {
      "media_id": 780,
      "release_date": "2015-10-27",
      "budget": 0,
      "revenue": 0,
      "adult_flag": false,
      "runtime_minutes": 88,
      "collection_id": null
    },
    {
      "media_id": 781,
      "release_date": "2008-01-09",
      "budget": 11000000,
      "revenue": 53191886,
      "adult_flag": false,
      "runtime_minutes": 106,
      "collection_id": null
    },
    {
      "media_id": 782,
      "release_date": "2007-09-26",
      "budget": 0,
      "revenue": 8159508,
      "adult_flag": false,
      "runtime_minutes": 121,
      "collection_id": null
    },
    {
      "media_id": 783,
      "release_date": "2001-06-22",
      "budget": 38000000,
      "revenue": 207283925,
      "adult_flag": false,
      "runtime_minutes": 106,
      "collection_id": null
    },
    {
      "media_id": 784,
      "release_date": "2005-10-26",
      "budget": 15000000,
      "revenue": 85306374,
      "adult_flag": false,
      "runtime_minutes": 124,
      "collection_id": null
    },
    {
      "media_id": 785,
      "release_date": "1983-06-07",
      "budget": 40600000,
      "revenue": 90400000,
      "adult_flag": false,
      "runtime_minutes": 116,
      "collection_id": null
    },
    {
      "media_id": 786,
      "release_date": "1977-03-19",
      "budget": 10000,
      "revenue": 7000000,
      "adult_flag": false,
      "runtime_minutes": 89,
      "collection_id": null
    },
    {
      "media_id": 787,
      "release_date": "2004-05-31",
      "budget": 130000000,
      "revenue": 789804554,
      "adult_flag": false,
      "runtime_minutes": 141,
      "collection_id": null
    },
    {
      "media_id": 788,
      "release_date": "2010-04-23",
      "budget": 25000000,
      "revenue": 23580000,
      "adult_flag": false,
      "runtime_minutes": 97,
      "collection_id": null
    },
    {
      "media_id": 789,
      "release_date": "2014-06-05",
      "budget": 4000000,
      "revenue": 44349000,
      "adult_flag": false,
      "runtime_minutes": 164,
      "collection_id": null
    },
    {
      "media_id": 790,
      "release_date": "1944-03-01",
      "budget": 2627000,
      "revenue": 5363000,
      "adult_flag": false,
      "runtime_minutes": 120,
      "collection_id": null
    },
    {
      "media_id": 791,
      "release_date": "1999-10-01",
      "budget": 28000000,
      "revenue": 8888143,
      "adult_flag": false,
      "runtime_minutes": 119,
      "collection_id": null
    },
    {
      "media_id": 792,
      "release_date": "2005-03-04",
      "budget": 0,
      "revenue": 0,
      "adult_flag": false,
      "runtime_minutes": 80,
      "collection_id": null
    },
    {
      "media_id": 793,
      "release_date": "2006-04-30",
      "budget": 0,
      "revenue": 0,
      "adult_flag": false,
      "runtime_minutes": 98,
      "collection_id": null
    },
    {
      "media_id": 794,
      "release_date": "2009-01-30",
      "budget": 8000000,
      "revenue": 29010817,
      "adult_flag": false,
      "runtime_minutes": 97,
      "collection_id": null
    },
    {
      "media_id": 795,
      "release_date": "2015-06-26",
      "budget": 0,
      "revenue": 0,
      "adult_flag": false,
      "runtime_minutes": 90,
      "collection_id": null
    },
    {
      "media_id": 796,
      "release_date": "2011-11-22",
      "budget": 45000000,
      "revenue": 165184237,
      "adult_flag": false,
      "runtime_minutes": 103,
      "collection_id": null
    },
    {
      "media_id": 797,
      "release_date": "2008-04-25",
      "budget": 12000000,
      "revenue": 43493123,
      "adult_flag": false,
      "runtime_minutes": 107,
      "collection_id": null
    },
    {
      "media_id": 798,
      "release_date": "2009-10-21",
      "budget": 7000000,
      "revenue": 0,
      "adult_flag": false,
      "runtime_minutes": 102,
      "collection_id": null
    },
    {
      "media_id": 799,
      "release_date": "1993-01-15",
      "budget": 32000000,
      "revenue": 36733909,
      "adult_flag": false,
      "runtime_minutes": 120,
      "collection_id": null
    },
    {
      "media_id": 800,
      "release_date": "2011-03-16",
      "budget": 20000000,
      "revenue": 4634062,
      "adult_flag": false,
      "runtime_minutes": 107,
      "collection_id": null
    },
    {
      "media_id": 801,
      "release_date": "1999-10-22",
      "budget": 9000000,
      "revenue": 34573780,
      "adult_flag": false,
      "runtime_minutes": 120,
      "collection_id": null
    },
    {
      "media_id": 802,
      "release_date": "2004-02-27",
      "budget": 5000000,
      "revenue": 0,
      "adult_flag": false,
      "runtime_minutes": 95,
      "collection_id": null
    },
    {
      "media_id": 803,
      "release_date": "1970-01-26",
      "budget": 25485000,
      "revenue": 29548291,
      "adult_flag": false,
      "runtime_minutes": 144,
      "collection_id": null
    },
    {
      "media_id": 804,
      "release_date": "2002-02-14",
      "budget": 20000000,
      "revenue": 109862682,
      "adult_flag": false,
      "runtime_minutes": 72,
      "collection_id": null
    },
    {
      "media_id": 805,
      "release_date": "2010-02-04",
      "budget": 25000000,
      "revenue": 114977104,
      "adult_flag": false,
      "runtime_minutes": 115,
      "collection_id": null
    },
    {
      "media_id": 806,
      "release_date": "1990-08-03",
      "budget": 225000,
      "revenue": 0,
      "adult_flag": false,
      "runtime_minutes": 98,
      "collection_id": null
    },
    {
      "media_id": 807,
      "release_date": "2008-09-24",
      "budget": 27000000,
      "revenue": 0,
      "adult_flag": false,
      "runtime_minutes": 150,
      "collection_id": null
    },
    {
      "media_id": 808,
      "release_date": "1997-06-06",
      "budget": 250000,
      "revenue": 0,
      "adult_flag": false,
      "runtime_minutes": 90,
      "collection_id": null
    },
    {
      "media_id": 809,
      "release_date": "2005-06-06",
      "budget": 30000000,
      "revenue": 27610873,
      "adult_flag": false,
      "runtime_minutes": 118,
      "collection_id": null
    },
    {
      "media_id": 810,
      "release_date": "1998-01-01",
      "budget": 0,
      "revenue": 0,
      "adult_flag": false,
      "runtime_minutes": 87,
      "collection_id": null
    },
    {
      "media_id": 811,
      "release_date": "2013-03-26",
      "budget": 130000000,
      "revenue": 371876278,
      "adult_flag": false,
      "runtime_minutes": 110,
      "collection_id": null
    },
    {
      "media_id": 812,
      "release_date": "2013-03-01",
      "budget": 0,
      "revenue": 0,
      "adult_flag": false,
      "runtime_minutes": 90,
      "collection_id": null
    },
    {
      "media_id": 813,
      "release_date": "2011-06-10",
      "budget": 10000000,
      "revenue": 0,
      "adult_flag": false,
      "runtime_minutes": 91,
      "collection_id": null
    },
    {
      "media_id": 814,
      "release_date": "2012-04-13",
      "budget": 1250000,
      "revenue": 0,
      "adult_flag": false,
      "runtime_minutes": 106,
      "collection_id": null
    },
    {
      "media_id": 815,
      "release_date": "2002-06-28",
      "budget": 0,
      "revenue": 0,
      "adult_flag": false,
      "runtime_minutes": 76,
      "collection_id": null
    },
    {
      "media_id": 816,
      "release_date": "2000-11-17",
      "budget": 82000000,
      "revenue": 96085477,
      "adult_flag": false,
      "runtime_minutes": 123,
      "collection_id": null
    },
    {
      "media_id": 817,
      "release_date": "2014-11-05",
      "budget": 165000000,
      "revenue": 675120017,
      "adult_flag": false,
      "runtime_minutes": 169,
      "collection_id": null
    },
    {
      "media_id": 818,
      "release_date": "2011-09-28",
      "budget": 7000000,
      "revenue": 6038942,
      "adult_flag": false,
      "runtime_minutes": 112,
      "collection_id": null
    },
    {
      "media_id": 819,
      "release_date": "2009-02-06",
      "budget": 40000000,
      "revenue": 177259441,
      "adult_flag": false,
      "runtime_minutes": 129,
      "collection_id": null
    },
    {
      "media_id": 820,
      "release_date": "1965-08-29",
      "budget": 300000,
      "revenue": 0,
      "adult_flag": false,
      "runtime_minutes": 110,
      "collection_id": null
    },
    {
      "media_id": 821,
      "release_date": "2011-03-03",
      "budget": 0,
      "revenue": 0,
      "adult_flag": false,
      "runtime_minutes": 108,
      "collection_id": null
    },
    {
      "media_id": 822,
      "release_date": "1969-09-23",
      "budget": 6000000,
      "revenue": 102308889,
      "adult_flag": false,
      "runtime_minutes": 110,
      "collection_id": null
    },
    {
      "media_id": 823,
      "release_date": "2012-05-30",
      "budget": 170000000,
      "revenue": 396600000,
      "adult_flag": false,
      "runtime_minutes": 127,
      "collection_id": null
    },
    {
      "media_id": 824,
      "release_date": "1996-05-31",
      "budget": 57000000,
      "revenue": 115267375,
      "adult_flag": false,
      "runtime_minutes": 103,
      "collection_id": null
    },
    {
      "media_id": 825,
      "release_date": "2014-12-25",
      "budget": 20000000,
      "revenue": 66787908,
      "adult_flag": false,
      "runtime_minutes": 127,
      "collection_id": null
    },
    {
      "media_id": 826,
      "release_date": "2013-08-22",
      "budget": 25500000,
      "revenue": 2415472,
      "adult_flag": false,
      "runtime_minutes": 128,
      "collection_id": null
    },
    {
      "media_id": 827,
      "release_date": "2004-02-20",
      "budget": 25000000,
      "revenue": 20796847,
      "adult_flag": false,
      "runtime_minutes": 93,
      "collection_id": null
    },
    {
      "media_id": 828,
      "release_date": "2013-03-21",
      "budget": 13000000,
      "revenue": 18000000,
      "adult_flag": false,
      "runtime_minutes": 107,
      "collection_id": null
    },
    {
      "media_id": 829,
      "release_date": "2005-01-14",
      "budget": 950000,
      "revenue": 7022209,
      "adult_flag": false,
      "runtime_minutes": 103,
      "collection_id": null
    },
    {
      "media_id": 830,
      "release_date": "2001-02-01",
      "budget": 0,
      "revenue": 0,
      "adult_flag": false,
      "runtime_minutes": 96,
      "collection_id": null
    },
    {
      "media_id": 831,
      "release_date": "2016-01-23",
      "budget": 145000000,
      "revenue": 521170825,
      "adult_flag": false,
      "runtime_minutes": 95,
      "collection_id": null
    },
    {
      "media_id": 832,
      "release_date": "1992-09-25",
      "budget": 40000000,
      "revenue": 75505856,
      "adult_flag": false,
      "runtime_minutes": 112,
      "collection_id": null
    },
    {
      "media_id": 833,
      "release_date": "2011-07-29",
      "budget": 56000,
      "revenue": 0,
      "adult_flag": false,
      "runtime_minutes": 80,
      "collection_id": null
    },
    {
      "media_id": 834,
      "release_date": "2004-03-25",
      "budget": 0,
      "revenue": 0,
      "adult_flag": false,
      "runtime_minutes": 104,
      "collection_id": null
    },
    {
      "media_id": 835,
      "release_date": "1964-07-06",
      "budget": 560000,
      "revenue": 12299668,
      "adult_flag": false,
      "runtime_minutes": 88,
      "collection_id": null
    },
    {
      "media_id": 836,
      "release_date": "2009-03-12",
      "budget": 50000000,
      "revenue": 106303988,
      "adult_flag": false,
      "runtime_minutes": 98,
      "collection_id": null
    },
    {
      "media_id": 837,
      "release_date": "2011-09-22",
      "budget": 8000,
      "revenue": 469947,
      "adult_flag": false,
      "runtime_minutes": 96,
      "collection_id": null
    },
    {
      "media_id": 838,
      "release_date": "1982-10-22",
      "budget": 15000000,
      "revenue": 125212904,
      "adult_flag": false,
      "runtime_minutes": 93,
      "collection_id": null
    },
    {
      "media_id": 839,
      "release_date": "2014-08-14",
      "budget": 5000000,
      "revenue": 40100000,
      "adult_flag": false,
      "runtime_minutes": 93,
      "collection_id": null
    },
    {
      "media_id": 840,
      "release_date": "2003-06-25",
      "budget": 0,
      "revenue": 0,
      "adult_flag": false,
      "runtime_minutes": 105,
      "collection_id": null
    },
    {
      "media_id": 841,
      "release_date": "2005-10-14",
      "budget": 0,
      "revenue": 658573,
      "adult_flag": false,
      "runtime_minutes": 95,
      "collection_id": null
    },
    {
      "media_id": 842,
      "release_date": "2005-07-21",
      "budget": 30000000,
      "revenue": 58405313,
      "adult_flag": false,
      "runtime_minutes": 98,
      "collection_id": null
    },
    {
      "media_id": 843,
      "release_date": "1995-06-16",
      "budget": 0,
      "revenue": 0,
      "adult_flag": false,
      "runtime_minutes": 94,
      "collection_id": null
    },
    {
      "media_id": 844,
      "release_date": "2010-05-07",
      "budget": 967686,
      "revenue": 4270000,
      "adult_flag": false,
      "runtime_minutes": 101,
      "collection_id": null
    },
    {
      "media_id": 845,
      "release_date": "2001-04-27",
      "budget": 5000000,
      "revenue": 0,
      "adult_flag": false,
      "runtime_minutes": 90,
      "collection_id": null
    },
    {
      "media_id": 846,
      "release_date": "2013-04-18",
      "budget": 200000000,
      "revenue": 1215439994,
      "adult_flag": false,
      "runtime_minutes": 130,
      "collection_id": null
    },
    {
      "media_id": 847,
      "release_date": "2001-05-31",
      "budget": 45000000,
      "revenue": 0,
      "adult_flag": false,
      "runtime_minutes": 94,
      "collection_id": null
    },
    {
      "media_id": 848,
      "release_date": "2013-06-07",
      "budget": 58000000,
      "revenue": 44000000,
      "adult_flag": false,
      "runtime_minutes": 119,
      "collection_id": null
    },
    {
      "media_id": 849,
      "release_date": "2011-09-16",
      "budget": 30000000,
      "revenue": 0,
      "adult_flag": false,
      "runtime_minutes": 127,
      "collection_id": null
    },
    {
      "media_id": 850,
      "release_date": "1994-09-30",
      "budget": 45000000,
      "revenue": 0,
      "adult_flag": false,
      "runtime_minutes": 111,
      "collection_id": null
    },
    {
      "media_id": 851,
      "release_date": "1999-08-05",
      "budget": 45000000,
      "revenue": 10667893,
      "adult_flag": false,
      "runtime_minutes": 82,
      "collection_id": null
    },
    {
      "media_id": 852,
      "release_date": "2003-12-24",
      "budget": 8000000,
      "revenue": 0,
      "adult_flag": false,
      "runtime_minutes": 135,
      "collection_id": null
    },
    {
      "media_id": 853,
      "release_date": "2005-02-18",
      "budget": 84000000,
      "revenue": 0,
      "adult_flag": false,
      "runtime_minutes": 94,
      "collection_id": null
    },
    {
      "media_id": 854,
      "release_date": "2011-03-04",
      "budget": 19000000,
      "revenue": 6928068,
      "adult_flag": false,
      "runtime_minutes": 97,
      "collection_id": null
    },
    {
      "media_id": 855,
      "release_date": "1984-11-14",
      "budget": 1800000,
      "revenue": 25504513,
      "adult_flag": false,
      "runtime_minutes": 91,
      "collection_id": null
    },
    {
      "media_id": 856,
      "release_date": "2000-09-01",
      "budget": 10000000,
      "revenue": 83557872,
      "adult_flag": false,
      "runtime_minutes": 103,
      "collection_id": null
    },
    {
      "media_id": 857,
      "release_date": "2005-03-04",
      "budget": 53000000,
      "revenue": 95226116,
      "adult_flag": false,
      "runtime_minutes": 118,
      "collection_id": null
    },
    {
      "media_id": 858,
      "release_date": "2017-02-03",
      "budget": 0,
      "revenue": 0,
      "adult_flag": false,
      "runtime_minutes": 102,
      "collection_id": null
    },
    {
      "media_id": 859,
      "release_date": "1987-06-29",
      "budget": 40000000,
      "revenue": 191185897,
      "adult_flag": false,
      "runtime_minutes": 130,
      "collection_id": null
    },
    {
      "media_id": 860,
      "release_date": "1995-05-24",
      "budget": 6000000,
      "revenue": 12000000,
      "adult_flag": false,
      "runtime_minutes": 98,
      "collection_id": null
    },
    {
      "media_id": 861,
      "release_date": "2002-07-19",
      "budget": 100000000,
      "revenue": 35168966,
      "adult_flag": false,
      "runtime_minutes": 138,
      "collection_id": null
    },
    {
      "media_id": 862,
      "release_date": "2012-01-19",
      "budget": 79000000,
      "revenue": 355692760,
      "adult_flag": false,
      "runtime_minutes": 94,
      "collection_id": null
    },
    {
      "media_id": 863,
      "release_date": "1999-01-22",
      "budget": 6000000,
      "revenue": 30471,
      "adult_flag": false,
      "runtime_minutes": 108,
      "collection_id": null
    },
    {
      "media_id": 864,
      "release_date": "2015-03-18",
      "budget": 135000000,
      "revenue": 368871007,
      "adult_flag": false,
      "runtime_minutes": 94,
      "collection_id": null
    },
    {
      "media_id": 865,
      "release_date": "2011-11-22",
      "budget": 125000000,
      "revenue": 334615000,
      "adult_flag": false,
      "runtime_minutes": 129,
      "collection_id": null
    },
    {
      "media_id": 866,
      "release_date": "2012-03-15",
      "budget": 85000000,
      "revenue": 183018522,
      "adult_flag": false,
      "runtime_minutes": 106,
      "collection_id": null
    },
    {
      "media_id": 867,
      "release_date": "2005-11-25",
      "budget": 0,
      "revenue": 0,
      "adult_flag": false,
      "runtime_minutes": 90,
      "collection_id": null
    },
    {
      "media_id": 868,
      "release_date": "2014-07-25",
      "budget": 15000000,
      "revenue": 31554855,
      "adult_flag": false,
      "runtime_minutes": 121,
      "collection_id": null
    },
    {
      "media_id": 869,
      "release_date": "2013-08-30",
      "budget": 10,
      "revenue": 11,
      "adult_flag": false,
      "runtime_minutes": 85,
      "collection_id": null
    },
    {
      "media_id": 870,
      "release_date": "2015-04-16",
      "budget": 0,
      "revenue": 229094,
      "adult_flag": false,
      "runtime_minutes": 84,
      "collection_id": null
    },
    {
      "media_id": 871,
      "release_date": "1997-12-24",
      "budget": 12000000,
      "revenue": 39673162,
      "adult_flag": false,
      "runtime_minutes": 154,
      "collection_id": null
    },
    {
      "media_id": 872,
      "release_date": "2002-11-26",
      "budget": 140000000,
      "revenue": 109578115,
      "adult_flag": false,
      "runtime_minutes": 95,
      "collection_id": null
    },
    {
      "media_id": 873,
      "release_date": "2006-10-02",
      "budget": 4000000,
      "revenue": 13401952,
      "adult_flag": false,
      "runtime_minutes": 109,
      "collection_id": null
    },
    {
      "media_id": 874,
      "release_date": "2005-05-05",
      "budget": 0,
      "revenue": 0,
      "adult_flag": false,
      "runtime_minutes": 83,
      "collection_id": null
    },
    {
      "media_id": 875,
      "release_date": "2001-07-02",
      "budget": 137000000,
      "revenue": 85131830,
      "adult_flag": false,
      "runtime_minutes": 106,
      "collection_id": null
    },
    {
      "media_id": 876,
      "release_date": "2009-09-15",
      "budget": 5600000,
      "revenue": 18469680,
      "adult_flag": false,
      "runtime_minutes": 85,
      "collection_id": null
    },
    {
      "media_id": 877,
      "release_date": "2009-03-18",
      "budget": 0,
      "revenue": 0,
      "adult_flag": false,
      "runtime_minutes": 105,
      "collection_id": null
    },
    {
      "media_id": 878,
      "release_date": "2000-05-05",
      "budget": 0,
      "revenue": 619042,
      "adult_flag": false,
      "runtime_minutes": 105,
      "collection_id": null
    },
    {
      "media_id": 879,
      "release_date": "2005-01-01",
      "budget": 0,
      "revenue": 0,
      "adult_flag": false,
      "runtime_minutes": 100,
      "collection_id": null
    },
    {
      "media_id": 880,
      "release_date": "2012-07-26",
      "budget": 68000000,
      "revenue": 68267862,
      "adult_flag": false,
      "runtime_minutes": 98,
      "collection_id": null
    },
    {
      "media_id": 881,
      "release_date": "2014-10-10",
      "budget": 3300000,
      "revenue": 13092000,
      "adult_flag": false,
      "runtime_minutes": 105,
      "collection_id": null
    },
    {
      "media_id": 882,
      "release_date": "2015-09-17",
      "budget": 0,
      "revenue": 0,
      "adult_flag": false,
      "runtime_minutes": 83,
      "collection_id": null
    },
    {
      "media_id": 883,
      "release_date": "1979-10-19",
      "budget": 0,
      "revenue": 0,
      "adult_flag": false,
      "runtime_minutes": 107,
      "collection_id": null
    },
    {
      "media_id": 884,
      "release_date": "2012-06-29",
      "budget": 0,
      "revenue": 0,
      "adult_flag": false,
      "runtime_minutes": 114,
      "collection_id": null
    },
    {
      "media_id": 885,
      "release_date": "2006-12-09",
      "budget": 19400000,
      "revenue": 0,
      "adult_flag": false,
      "runtime_minutes": 125,
      "collection_id": null
    },
    {
      "media_id": 886,
      "release_date": "2000-11-17",
      "budget": 123000000,
      "revenue": 345141403,
      "adult_flag": false,
      "runtime_minutes": 104,
      "collection_id": null
    },
    {
      "media_id": 887,
      "release_date": "2014-10-16",
      "budget": 3150000,
      "revenue": 0,
      "adult_flag": false,
      "runtime_minutes": 100,
      "collection_id": null
    },
    {
      "media_id": 888,
      "release_date": "2013-12-06",
      "budget": 175000000,
      "revenue": 150962475,
      "adult_flag": false,
      "runtime_minutes": 119,
      "collection_id": null
    },
    {
      "media_id": 889,
      "release_date": "2006-03-16",
      "budget": 13000000,
      "revenue": 2636637,
      "adult_flag": false,
      "runtime_minutes": 125,
      "collection_id": null
    },
    {
      "media_id": 890,
      "release_date": "2010-10-07",
      "budget": 0,
      "revenue": 0,
      "adult_flag": false,
      "runtime_minutes": 94,
      "collection_id": null
    },
    {
      "media_id": 891,
      "release_date": "2006-08-31",
      "budget": 64000000,
      "revenue": 101595121,
      "adult_flag": false,
      "runtime_minutes": 98,
      "collection_id": null
    },
    {
      "media_id": 892,
      "release_date": "2008-12-04",
      "budget": 8500000,
      "revenue": 8936663,
      "adult_flag": false,
      "runtime_minutes": 98,
      "collection_id": null
    },
    {
      "media_id": 893,
      "release_date": "2016-01-22",
      "budget": 10000000,
      "revenue": 64188367,
      "adult_flag": false,
      "runtime_minutes": 97,
      "collection_id": null
    },
    {
      "media_id": 894,
      "release_date": "2004-02-17",
      "budget": 15000000,
      "revenue": 29331068,
      "adult_flag": false,
      "runtime_minutes": 89,
      "collection_id": null
    },
    {
      "media_id": 895,
      "release_date": "2010-04-01",
      "budget": 12500000,
      "revenue": 3878993,
      "adult_flag": false,
      "runtime_minutes": 118,
      "collection_id": null
    },
    {
      "media_id": 896,
      "release_date": "2004-05-19",
      "budget": 150000000,
      "revenue": 919838758,
      "adult_flag": false,
      "runtime_minutes": 93,
      "collection_id": null
    },
    {
      "media_id": 897,
      "release_date": "2013-02-07",
      "budget": 30000000,
      "revenue": 63372757,
      "adult_flag": false,
      "runtime_minutes": 106,
      "collection_id": null
    },
    {
      "media_id": 898,
      "release_date": "2006-12-01",
      "budget": 35000000,
      "revenue": 0,
      "adult_flag": false,
      "runtime_minutes": 101,
      "collection_id": null
    },
    {
      "media_id": 899,
      "release_date": "2006-08-11",
      "budget": 35000000,
      "revenue": 12506188,
      "adult_flag": false,
      "runtime_minutes": 83,
      "collection_id": null
    },
    {
      "media_id": 900,
      "release_date": "1983-04-14",
      "budget": 4000000,
      "revenue": 92921203,
      "adult_flag": false,
      "runtime_minutes": 95,
      "collection_id": null
    },
    {
      "media_id": 901,
      "release_date": "2000-04-20",
      "budget": 62000000,
      "revenue": 127666415,
      "adult_flag": false,
      "runtime_minutes": 116,
      "collection_id": null
    },
    {
      "media_id": 902,
      "release_date": "1999-08-12",
      "budget": 55000000,
      "revenue": 0,
      "adult_flag": false,
      "runtime_minutes": 97,
      "collection_id": null
    },
    {
      "media_id": 903,
      "release_date": "2002-10-01",
      "budget": 7500000,
      "revenue": 0,
      "adult_flag": false,
      "runtime_minutes": 95,
      "collection_id": null
    },
    {
      "media_id": 904,
      "release_date": "2002-05-03",
      "budget": 16000000,
      "revenue": 0,
      "adult_flag": false,
      "runtime_minutes": 112,
      "collection_id": null
    },
    {
      "media_id": 905,
      "release_date": "1995-07-14",
      "budget": 45000000,
      "revenue": 0,
      "adult_flag": false,
      "runtime_minutes": 96,
      "collection_id": null
    },
    {
      "media_id": 906,
      "release_date": "2016-07-08",
      "budget": 5000000,
      "revenue": 0,
      "adult_flag": false,
      "runtime_minutes": 88,
      "collection_id": null
    },
    {
      "media_id": 907,
      "release_date": "1940-01-19",
      "budget": 0,
      "revenue": 0,
      "adult_flag": false,
      "runtime_minutes": 88,
      "collection_id": null
    },
    {
      "media_id": 908,
      "release_date": "1954-12-23",
      "budget": 5000000,
      "revenue": 28200000,
      "adult_flag": false,
      "runtime_minutes": 127,
      "collection_id": null
    },
    {
      "media_id": 909,
      "release_date": "2001-07-17",
      "budget": 0,
      "revenue": 0,
      "adult_flag": false,
      "runtime_minutes": 102,
      "collection_id": null
    },
    {
      "media_id": 910,
      "release_date": "2008-09-15",
      "budget": 45000000,
      "revenue": 9323833,
      "adult_flag": false,
      "runtime_minutes": 160,
      "collection_id": null
    },
    {
      "media_id": 911,
      "release_date": "2007-08-03",
      "budget": 70000000,
      "revenue": 442824138,
      "adult_flag": false,
      "runtime_minutes": 115,
      "collection_id": null
    },
    {
      "media_id": 912,
      "release_date": "2002-04-11",
      "budget": 3500159,
      "revenue": 76578641,
      "adult_flag": false,
      "runtime_minutes": 112,
      "collection_id": null
    },
    {
      "media_id": 913,
      "release_date": "1998-05-08",
      "budget": 75000000,
      "revenue": 140464664,
      "adult_flag": false,
      "runtime_minutes": 120,
      "collection_id": null
    },
    {
      "media_id": 914,
      "release_date": "2000-12-09",
      "budget": 100000000,
      "revenue": 169327687,
      "adult_flag": false,
      "runtime_minutes": 78,
      "collection_id": null
    },
    {
      "media_id": 915,
      "release_date": "2005-01-06",
      "budget": 30000000,
      "revenue": 93772522,
      "adult_flag": false,
      "runtime_minutes": 102,
      "collection_id": null
    },
    {
      "media_id": 916,
      "release_date": "1981-12-24",
      "budget": 2000000,
      "revenue": 24600832,
      "adult_flag": false,
      "runtime_minutes": 95,
      "collection_id": null
    },
    {
      "media_id": 917,
      "release_date": "1980-05-12",
      "budget": 10000000,
      "revenue": 15795189,
      "adult_flag": false,
      "runtime_minutes": 99,
      "collection_id": null
    },
    {
      "media_id": 918,
      "release_date": "1995-07-07",
      "budget": 55000000,
      "revenue": 127600435,
      "adult_flag": false,
      "runtime_minutes": 134,
      "collection_id": null
    },
    {
      "media_id": 919,
      "release_date": "2012-09-05",
      "budget": 30000000,
      "revenue": 0,
      "adult_flag": false,
      "runtime_minutes": 93,
      "collection_id": null
    },
    {
      "media_id": 920,
      "release_date": "2010-07-21",
      "budget": 110000000,
      "revenue": 293329073,
      "adult_flag": false,
      "runtime_minutes": 100,
      "collection_id": null
    },
    {
      "media_id": 921,
      "release_date": "2000-05-15",
      "budget": 8000000,
      "revenue": 8279017,
      "adult_flag": false,
      "runtime_minutes": 92,
      "collection_id": null
    },
    {
      "media_id": 922,
      "release_date": "2001-10-05",
      "budget": 28000000,
      "revenue": 77516304,
      "adult_flag": false,
      "runtime_minutes": 90,
      "collection_id": null
    },
    {
      "media_id": 923,
      "release_date": "1991-07-01",
      "budget": 100000000,
      "revenue": 520000000,
      "adult_flag": false,
      "runtime_minutes": 137,
      "collection_id": null
    },
    {
      "media_id": 924,
      "release_date": "2000-08-04",
      "budget": 95000000,
      "revenue": 190213455,
      "adult_flag": false,
      "runtime_minutes": 112,
      "collection_id": null
    },
    {
      "media_id": 925,
      "release_date": "2003-09-05",
      "budget": 5000000,
      "revenue": 742898,
      "adult_flag": false,
      "runtime_minutes": 98,
      "collection_id": null
    },
    {
      "media_id": 926,
      "release_date": "2006-08-04",
      "budget": 51000000,
      "revenue": 72779000,
      "adult_flag": false,
      "runtime_minutes": 90,
      "collection_id": null
    },
    {
      "media_id": 927,
      "release_date": "2005-08-04",
      "budget": 26000000,
      "revenue": 57891803,
      "adult_flag": false,
      "runtime_minutes": 85,
      "collection_id": null
    },
    {
      "media_id": 928,
      "release_date": "2015-09-30",
      "budget": 108000000,
      "revenue": 630161890,
      "adult_flag": false,
      "runtime_minutes": 141,
      "collection_id": null
    },
    {
      "media_id": 929,
      "release_date": "2000-03-03",
      "budget": 60000000,
      "revenue": 0,
      "adult_flag": false,
      "runtime_minutes": 105,
      "collection_id": null
    },
    {
      "media_id": 930,
      "release_date": "2000-10-01",
      "budget": 0,
      "revenue": 0,
      "adult_flag": false,
      "runtime_minutes": 89,
      "collection_id": null
    },
    {
      "media_id": 931,
      "release_date": "2013-04-03",
      "budget": 16000000,
      "revenue": 318982,
      "adult_flag": false,
      "runtime_minutes": 100,
      "collection_id": null
    },
    {
      "media_id": 932,
      "release_date": "2000-12-14",
      "budget": 25000000,
      "revenue": 152500343,
      "adult_flag": false,
      "runtime_minutes": 121,
      "collection_id": null
    },
    {
      "media_id": 933,
      "release_date": "2004-07-17",
      "budget": 20000000,
      "revenue": 0,
      "adult_flag": false,
      "runtime_minutes": 126,
      "collection_id": null
    },
    {
      "media_id": 934,
      "release_date": "1999-03-19",
      "budget": 21500000,
      "revenue": 0,
      "adult_flag": false,
      "runtime_minutes": 117,
      "collection_id": null
    },
    {
      "media_id": 935,
      "release_date": "2010-05-20",
      "budget": 6500000,
      "revenue": 0,
      "adult_flag": false,
      "runtime_minutes": 102,
      "collection_id": null
    },
    {
      "media_id": 936,
      "release_date": "1984-10-26",
      "budget": 6400000,
      "revenue": 78371200,
      "adult_flag": false,
      "runtime_minutes": 108,
      "collection_id": null
    },
    {
      "media_id": 937,
      "release_date": "2007-06-27",
      "budget": 150000000,
      "revenue": 709709780,
      "adult_flag": false,
      "runtime_minutes": 144,
      "collection_id": null
    },
    {
      "media_id": 938,
      "release_date": "2007-06-14",
      "budget": 0,
      "revenue": 0,
      "adult_flag": false,
      "runtime_minutes": 112,
      "collection_id": null
    },
    {
      "media_id": 939,
      "release_date": "2005-04-08",
      "budget": 80000000,
      "revenue": 162944923,
      "adult_flag": false,
      "runtime_minutes": 128,
      "collection_id": null
    },
    {
      "media_id": 940,
      "release_date": "2011-09-23",
      "budget": 30000000,
      "revenue": 2527904,
      "adult_flag": false,
      "runtime_minutes": 129,
      "collection_id": null
    },
    {
      "media_id": 941,
      "release_date": "1978-09-13",
      "budget": 0,
      "revenue": 0,
      "adult_flag": false,
      "runtime_minutes": 94,
      "collection_id": null
    },
    {
      "media_id": 942,
      "release_date": "2012-05-30",
      "budget": 130000000,
      "revenue": 403170142,
      "adult_flag": false,
      "runtime_minutes": 124,
      "collection_id": null
    },
    {
      "media_id": 943,
      "release_date": "2013-11-27",
      "budget": 17500000,
      "revenue": 7018189,
      "adult_flag": false,
      "runtime_minutes": 93,
      "collection_id": null
    },
    {
      "media_id": 944,
      "release_date": "1999-03-16",
      "budget": 12000000,
      "revenue": 0,
      "adult_flag": false,
      "runtime_minutes": 100,
      "collection_id": null
    },
    {
      "media_id": 945,
      "release_date": "2005-03-25",
      "budget": 35000000,
      "revenue": 19478106,
      "adult_flag": false,
      "runtime_minutes": 76,
      "collection_id": null
    },
    {
      "media_id": 946,
      "release_date": "2016-04-15",
      "budget": 5000000,
      "revenue": 3220371,
      "adult_flag": false,
      "runtime_minutes": 95,
      "collection_id": null
    },
    {
      "media_id": 947,
      "release_date": "2008-08-08",
      "budget": 10000000,
      "revenue": 0,
      "adult_flag": false,
      "runtime_minutes": 106,
      "collection_id": null
    },
    {
      "media_id": 948,
      "release_date": "2016-08-10",
      "budget": 65000000,
      "revenue": 143695338,
      "adult_flag": false,
      "runtime_minutes": 102,
      "collection_id": null
    },
    {
      "media_id": 949,
      "release_date": "2014-12-11",
      "budget": 58800000,
      "revenue": 542307423,
      "adult_flag": false,
      "runtime_minutes": 133,
      "collection_id": null
    },
    {
      "media_id": 950,
      "release_date": "1997-12-25",
      "budget": 28000000,
      "revenue": 5684789,
      "adult_flag": false,
      "runtime_minutes": 134,
      "collection_id": null
    },
    {
      "media_id": 951,
      "release_date": "1998-04-03",
      "budget": 80000000,
      "revenue": 136159423,
      "adult_flag": false,
      "runtime_minutes": 130,
      "collection_id": null
    },
    {
      "media_id": 952,
      "release_date": "1993-10-01",
      "budget": 1500000,
      "revenue": 418961,
      "adult_flag": false,
      "runtime_minutes": 96,
      "collection_id": null
    },
    {
      "media_id": 953,
      "release_date": "2009-10-17",
      "budget": 24000000,
      "revenue": 68729358,
      "adult_flag": false,
      "runtime_minutes": 93,
      "collection_id": null
    },
    {
      "media_id": 954,
      "release_date": "2008-02-07",
      "budget": 70000000,
      "revenue": 111231041,
      "adult_flag": false,
      "runtime_minutes": 112,
      "collection_id": null
    },
    {
      "media_id": 955,
      "release_date": "2001-12-03",
      "budget": 40000000,
      "revenue": 0,
      "adult_flag": false,
      "runtime_minutes": 102,
      "collection_id": null
    },
    {
      "media_id": 956,
      "release_date": "1984-12-14",
      "budget": 58000000,
      "revenue": 25928721,
      "adult_flag": false,
      "runtime_minutes": 127,
      "collection_id": null
    },
    {
      "media_id": 957,
      "release_date": "1996-01-26",
      "budget": 12500000,
      "revenue": 1227324,
      "adult_flag": false,
      "runtime_minutes": 99,
      "collection_id": null
    },
    {
      "media_id": 958,
      "release_date": "2013-07-18",
      "budget": 130000000,
      "revenue": 61648500,
      "adult_flag": false,
      "runtime_minutes": 96,
      "collection_id": null
    },
    {
      "media_id": 959,
      "release_date": "2001-08-22",
      "budget": 34000000,
      "revenue": 19693891,
      "adult_flag": false,
      "runtime_minutes": 108,
      "collection_id": null
    },
    {
      "media_id": 960,
      "release_date": "2008-10-16",
      "budget": 19000000,
      "revenue": 18755936,
      "adult_flag": false,
      "runtime_minutes": 109,
      "collection_id": null
    },
    {
      "media_id": 961,
      "release_date": "2003-09-26",
      "budget": 85000000,
      "revenue": 80916492,
      "adult_flag": false,
      "runtime_minutes": 104,
      "collection_id": null
    },
    {
      "media_id": 962,
      "release_date": "2008-10-03",
      "budget": 0,
      "revenue": 0,
      "adult_flag": false,
      "runtime_minutes": 86,
      "collection_id": null
    },
    {
      "media_id": 963,
      "release_date": "2013-10-06",
      "budget": 11000000,
      "revenue": 32935319,
      "adult_flag": false,
      "runtime_minutes": 105,
      "collection_id": null
    },
    {
      "media_id": 964,
      "release_date": "1963-10-11",
      "budget": 2000000,
      "revenue": 78898765,
      "adult_flag": false,
      "runtime_minutes": 115,
      "collection_id": null
    },
    {
      "media_id": 965,
      "release_date": "1975-03-13",
      "budget": 400000,
      "revenue": 5028948,
      "adult_flag": false,
      "runtime_minutes": 91,
      "collection_id": null
    },
    {
      "media_id": 966,
      "release_date": "2011-09-30",
      "budget": 20000000,
      "revenue": 30426096,
      "adult_flag": false,
      "runtime_minutes": 106,
      "collection_id": null
    },
    {
      "media_id": 967,
      "release_date": "2005-12-14",
      "budget": 0,
      "revenue": 0,
      "adult_flag": false,
      "runtime_minutes": 103,
      "collection_id": null
    },
    {
      "media_id": 968,
      "release_date": "2014-06-22",
      "budget": 0,
      "revenue": 0,
      "adult_flag": false,
      "runtime_minutes": 123,
      "collection_id": null
    },
    {
      "media_id": 969,
      "release_date": "1999-07-14",
      "budget": 65000000,
      "revenue": 162091208,
      "adult_flag": false,
      "runtime_minutes": 159,
      "collection_id": null
    },
    {
      "media_id": 970,
      "release_date": "2002-12-06",
      "budget": 19000000,
      "revenue": 32801173,
      "adult_flag": false,
      "runtime_minutes": 114,
      "collection_id": null
    },
    {
      "media_id": 971,
      "release_date": "2015-09-09",
      "budget": 61000000,
      "revenue": 311256926,
      "adult_flag": false,
      "runtime_minutes": 132,
      "collection_id": null
    },
    {
      "media_id": 972,
      "release_date": "2005-02-25",
      "budget": 0,
      "revenue": 0,
      "adult_flag": false,
      "runtime_minutes": 116,
      "collection_id": null
    },
    {
      "media_id": 973,
      "release_date": "1993-11-24",
      "budget": 19000000,
      "revenue": 2119994,
      "adult_flag": false,
      "runtime_minutes": 93,
      "collection_id": null
    },
    {
      "media_id": 974,
      "release_date": "1971-12-13",
      "budget": 7200000,
      "revenue": 116019547,
      "adult_flag": false,
      "runtime_minutes": 120,
      "collection_id": null
    },
    {
      "media_id": 975,
      "release_date": "2001-04-06",
      "budget": 60000000,
      "revenue": 105178561,
      "adult_flag": false,
      "runtime_minutes": 104,
      "collection_id": null
    },
    {
      "media_id": 976,
      "release_date": "2013-11-08",
      "budget": 0,
      "revenue": 0,
      "adult_flag": false,
      "runtime_minutes": 85,
      "collection_id": null
    },
    {
      "media_id": 977,
      "release_date": "2008-11-07",
      "budget": 0,
      "revenue": 0,
      "adult_flag": false,
      "runtime_minutes": 103,
      "collection_id": null
    },
    {
      "media_id": 978,
      "release_date": "1994-06-03",
      "budget": 40000000,
      "revenue": 24332324,
      "adult_flag": false,
      "runtime_minutes": 128,
      "collection_id": null
    },
    {
      "media_id": 979,
      "release_date": "2008-11-18",
      "budget": 130000000,
      "revenue": 49554002,
      "adult_flag": false,
      "runtime_minutes": 165,
      "collection_id": null
    },
    {
      "media_id": 980,
      "release_date": "1998-12-25",
      "budget": 52000000,
      "revenue": 98126565,
      "adult_flag": false,
      "runtime_minutes": 170,
      "collection_id": null
    },
    {
      "media_id": 981,
      "release_date": "2011-03-27",
      "budget": 0,
      "revenue": 0,
      "adult_flag": false,
      "runtime_minutes": 83,
      "collection_id": null
    },
    {
      "media_id": 982,
      "release_date": "2009-08-19",
      "budget": 30000000,
      "revenue": 48428063,
      "adult_flag": false,
      "runtime_minutes": 79,
      "collection_id": null
    },
    {
      "media_id": 983,
      "release_date": "2009-06-10",
      "budget": 3800000,
      "revenue": 111731,
      "adult_flag": false,
      "runtime_minutes": 84,
      "collection_id": null
    },
    {
      "media_id": 984,
      "release_date": "2006-12-07",
      "budget": 0,
      "revenue": 0,
      "adult_flag": false,
      "runtime_minutes": 0,
      "collection_id": null
    },
    {
      "media_id": 985,
      "release_date": "1997-09-08",
      "budget": 10000000,
      "revenue": 13835130,
      "adult_flag": false,
      "runtime_minutes": 110,
      "collection_id": null
    },
    {
      "media_id": 986,
      "release_date": "1988-12-09",
      "budget": 15000000,
      "revenue": 216614388,
      "adult_flag": false,
      "runtime_minutes": 107,
      "collection_id": null
    },
    {
      "media_id": 987,
      "release_date": "2003-09-19",
      "budget": 22000000,
      "revenue": 95708457,
      "adult_flag": false,
      "runtime_minutes": 121,
      "collection_id": null
    },
    {
      "media_id": 988,
      "release_date": "2007-04-19",
      "budget": 67000000,
      "revenue": 25303038,
      "adult_flag": false,
      "runtime_minutes": 102,
      "collection_id": null
    },
    {
      "media_id": 989,
      "release_date": "2009-02-06",
      "budget": 0,
      "revenue": 0,
      "adult_flag": false,
      "runtime_minutes": 84,
      "collection_id": null
    },
    {
      "media_id": 990,
      "release_date": "1983-06-03",
      "budget": 12000000,
      "revenue": 79567667,
      "adult_flag": false,
      "runtime_minutes": 114,
      "collection_id": null
    },
    {
      "media_id": 991,
      "release_date": "2003-09-07",
      "budget": 40000000,
      "revenue": 244931766,
      "adult_flag": false,
      "runtime_minutes": 135,
      "collection_id": null
    },
    {
      "media_id": 992,
      "release_date": "1982-08-20",
      "budget": 0,
      "revenue": 14056528,
      "adult_flag": false,
      "runtime_minutes": 118,
      "collection_id": null
    },
    {
      "media_id": 993,
      "release_date": "1968-09-23",
      "budget": 950000,
      "revenue": 814666,
      "adult_flag": false,
      "runtime_minutes": 103,
      "collection_id": null
    },
    {
      "media_id": 994,
      "release_date": "2007-06-28",
      "budget": 150000000,
      "revenue": 938212738,
      "adult_flag": false,
      "runtime_minutes": 138,
      "collection_id": null
    },
    {
      "media_id": 995,
      "release_date": "2005-06-10",
      "budget": 50000000,
      "revenue": 69425966,
      "adult_flag": false,
      "runtime_minutes": 92,
      "collection_id": null
    },
    {
      "media_id": 996,
      "release_date": "1995-07-19",
      "budget": 12000000,
      "revenue": 0,
      "adult_flag": false,
      "runtime_minutes": 97,
      "collection_id": null
    },
    {
      "media_id": 997,
      "release_date": "2009-08-05",
      "budget": 30000000,
      "revenue": 210819611,
      "adult_flag": false,
      "runtime_minutes": 112,
      "collection_id": null
    },
    {
      "media_id": 998,
      "release_date": "2004-11-10",
      "budget": 165000000,
      "revenue": 305875730,
      "adult_flag": false,
      "runtime_minutes": 100,
      "collection_id": null
    },
    {
      "media_id": 999,
      "release_date": "2014-07-18",
      "budget": 0,
      "revenue": 0,
      "adult_flag": false,
      "runtime_minutes": 89,
      "collection_id": null
    },
    {
      "media_id": 1000,
      "release_date": "2015-03-06",
      "budget": 1500000,
      "revenue": 0,
      "adult_flag": false,
      "runtime_minutes": 97,
      "collection_id": null
    }
  ]
}